3230 4942
706 247 904 331 AL

161 469 163 476 ,
275 397 373 461 Extra
397 401 502 484 artem
530 395 775 459 Corinthiacam
798 398 929 477 sceptra
951 395 1093 478 Neptuni
1116 397 1198 461 tlore
1220 397 1270 460 vel
1293 417 1423 478 gemma

192 509 310 568 ornata
325 505 470 588 exceptis
485 503 650 570 nonnullis
666 504 868 587 perantiquis
886 523 1103 594 ¹nummorum
1127 506 1238 587 signis
1261 511 1421 588 quantum

192 613 271 688 scio,
295 633 361 676 non
387 613 605 676 inveniuntur.
661 613 762 676 Cuius
785 613 830 675 rei
854 633 956 677 causa
977 613 1106 677 videtur
1128 627 1210 691 esse,
1244 616 1333 696 quod
1355 617 1422 698 typi

192 721 352 803 Neptuni,
389 741 473 803 quos
507 723 631 806 primos
650 722 797 786 Corinthi
820 722 971 786 inventos
995 726 1027 785 et
1048 724 1195 788 excultos
1218 743 1291 786 esse
1311 725 1423 788 verisi-

193 830 366 894 millimum
392 837 451 910 est,
472 836 540 896 tum
566 831 696 894 demum
722 831 793 894 aliis
807 831 887 895 locis
911 832 1135 910 innotuerunt,
1159 852 1234 896 curn
1258 839 1422 915 sceptrum

193 939 257 1003 iam
282 941 315 1004 in
338 940 513 1004 tridentem
535 941 737 1022 piscatorum
762 943 925 1004 mutatum
949 945 1029 1004 erat.
1115 1015 1117 1020 ¹

279 1076 395 1156 Neque
417 1095 501 1152 mea,
539 1094 639 1156 quarn
664 1075 704 1137 de
728 1074 852 1154 origine
887 1073 1036 1138 tridentis
1059 1077 1214 1157 exposui,
1253 1078 1424 1156 sententia,

195 1204 234 1248 eo
260 1185 483 1266 improbatur,
517 1184 605 1265 quod
630 1185 661 1248 in
684 1184 813 1248 tabellis
849 1184 996 1248 eiusdem
1019 1185 1135 1248 aetatis
1169 1190 1201 1248 et
1223 1187 1425 1268 antiquiores

196 1299 227 1356 et
259 1295 454 1358 recentiores
492 1295 616 1357 formae
643 1297 814 1376 apparent.
871 1294 953 1358 Nam
986 1298 1022 1357 ut
1052 1295 1167 1358 artilex
1203 1295 1341 1377 quisque
1369 1301 1425 1361 aut

197 1402 407 1466 vetustiorem
440 1407 497 1466 aut
519 1402 731 1467 recentiorem
755 1402 930 1482 imaginem
955 1402 1155 1480 imitabatur,
1186 1403 1229 1468 ita
1253 1409 1310 1467 aut
1332 1425 1425 1486 scep-

196 1516 283 1574 trum
305 1516 361 1573 aut
384 1510 555 1574 tridentem
581 1510 789 1592 depingebat.

288 2223 324 2284 ln
346 2222 410 2286 hae
445 2220 722 2284 commentatione
753 2239 820 2283 non
843 2219 998 2301 quaesivi,
1040 2223 1200 2300 quantum
1223 2219 1364 2284 tabellae
1386 2221 1428 2285 ad

200 2331 369 2394 historiam
413 2330 559 2413 picturae
594 2329 738 2393 Graecae
785 2327 915 2409 planius
950 2327 1212 2408 cognoscendam
1249 2330 1429 2407 conferant,

203 2459 277 2503 cum
297 2439 370 2502 talis
405 2439 553 2520 quaestio
590 2437 687 2501 huius
720 2435 817 2500 libelli
848 2436 1005 2500 terminos
1036 2436 1296 2516 transgrediatur
1321 2457 1429 2519 neque

200 2555 275 2632 apte
298 2547 359 2611 nisi
391 2547 421 2610 in
456 2547 592 2610 historia
630 2545 781 2608 universa
817 2543 1011 2626 antiquioris
1046 2545 1193 2626 picturae
1229 2545 1426 2609 Graecorum

200 2657 390 2741 pertractari
415 2656 529 2738 possit.
574 2654 638 2718 Sed
661 2655 755 2718 liceat
778 2674 846 2717 rem
868 2653 1059 2717 brevissime
1082 2653 1249 2735 attingere.

285 2792 430 2854 Primum
455 2788 731 2854 considerandum
755 2792 804 2850 est
826 2788 859 2850 in
874 2786 1029 2868 pingendi
1045 2786 1171 2850 ratione
1187 2807 1316 2869 usuque
1339 2789 1428 2852 colo·

193 2921 273 2964 ,rum
298 2900 434 2962 tabellas
457 2899 509 2961 vix
541 2897 681 2961 maiores
712 2896 930 2985 proprietates
958 2896 1133 2976 praebere3
1171 2895 1269 2959 iidem
1304 2897 1429 2962 colores

200 3013 298 3090 atque
320 3008 352 3071 in
377 3007 475 3084 vasiS,
497 3007 584 3069 idem
609 3025 666 3070 eos
689 3004 868 3069 adhibendi
893 3003 1020 3082 modus,
1045 3004 1131 3068 idem
1154 3004 1429 3070 lineamentorum

201 3118 380 3182 incisorum
405 3137 494 3181 usus
539 3116 611 3192 Qua
634 3115 666 3178 in
690 3134 724 3178 re
746 3114 886 3178 tabellae
908 3114 1128 3194 cognitionem
1150 3115 1339 3179 vetustioris
1361 3116 1430 3198 pic-

200 3232 293 3291 turae
317 3226 543 3290 Corinthiacae
564 3244 631 3288 non
654 3229 784 3303 augent.
830 3222 893 3286 Sed
916 3223 1058 3286 maxime
1084 3243 1122 3286 eo
1146 3223 1316 3302 excellunt,
1340 3225 1429 3306 quod

201 3336 298 3399 nobis
313 3335 445 3407 ,aditum
470 3339 501 3397 et
523 3337 731 3416 perspectum
755 3331 788 3394 in
810 3330 1027 3412 antiquiorem
1054 3335 1156 3395 artem
1180 3331 1341 3414 pictorum
1367 3332 1430 3397 Co·

201 3443 396 3508 rinthiorum
420 3443 568 3524 aperiunt
591 3448 623 3505 et
645 3441 734 3524 quod
757 3440 894 3517 docent,
918 3460 1002 3522 quae
1025 3444 1056 3504 et
1079 3440 1188 3522 qualia
1210 3445 1241 3505 et
1264 3462 1330 3522 quo
1353 3441 1430 3506 arti-

202 3554 277 3618 ticio
301 3553 345 3616 illi
370 3552 533 3634 pinxerint
559 3570 710 3632 quaeque
732 3549 909 3631 potuerint.
955 3549 1034 3612 Cum
1060 3549 1146 3612 enim
1169 3570 1325 3614 vasorum
1347 3551 1430 3615 ima-

203 3665 294 3744 gines
317 3663 414 3727 nobis
436 3661 515 3726 nihil
538 3662 603 3724 fere
625 3660 732 3738 aliud,
766 3659 829 3722 nisi
851 3660 986 3722 heroum
1012 3660 1192 3722 certamina
1221 3664 1253 3722 et
1275 3660 1430 3736 facinora,

203 3773 345 3855 proelia,
369 3773 513 3853 equiteS,
546 3789 659 3833 currus
693 3769 742 3831 vel
778 3771 971 3831 ornamenta
995 3772 1070 3830 ante
1099 3767 1212 3831 oculos
1236 3769 1374 3842 ducant,
1398 3770 1431 3833 in

202 3882 330 3949 tabellis
354 3899 553 3964 permagnus
585 3897 741 3942 numerus
774 3878 974 3958 picturarum
1007 3876 1185 3955 invenitur,
1222 3897 1307 3957 quae
1330 3877 1431 3942 vitam

203 3990 430 4073 quotidianam
455 3988 578 4070 optime
601 3987 771 4050 illustrent.
815 3985 889 4062 Quo
913 3985 945 4046 in
968 4004 1105 4048 numero
1129 3983 1293 4048 habentur
1316 3986 1431 4066 imagi-

203 4121 261 4164 nes
284 4099 510 4175 metallorum,
550 4097 730 4173 tornacum,
765 4093 913 4170 navium,
950 4093 1153 4157 officinarum
1191 4093 1366 4174 figulorum
1401 4098 1433 4159 et

204 4209 416 4286 aerariorum,
447 4207 556 4288 imago
587 4204 883 4287 praestigiatorum,
917 4203 1011 4266 aliae.
1068 4203 1222 4267 Praterea
1244 4223 1311 4267 non
1334 4205 1432 4268 ornit-

205 4319 340 4383 tendum
355 4322 413 4396 est,
436 4315 588 4399 quamvis
610 4314 725 4377 inscite
748 4319 779 4376 et
797 4313 913 4376 vitiose
937 4312 1095 4393 imagines
1117 4311 1311 4375 tabellarum
1326 4314 1432 4376 tactae

205 4429 280 4508 sint,
315 4431 427 4490 tamen
450 4425 589 4489 artifices
613 4442 748 4511 operam
772 4422 900 4484 dedisse
924 4441 961 4482 ex
981 4440 1058 4484 vero
1081 4420 1255 4502 attingendi
1281 4420 1431 4484 similitu-
