3230 4942
715 218 897 304 *ML-

184 356 305 436 tabella
318 375 381 432 494
403 369 467 434 hoc
490 368 596 432 solum
611 367 766 449 cognosci
789 369 897 450 potest
910 367 1116 446 Mercurium,
1148 371 1184 430 ut
1208 365 1411 448 antiquitatis
1492 389 1495 396 ·

185 495 277 542 more
291 477 539 562 depingebatur,
562 476 738 541 barbatum
761 480 860 558 atque
882 475 981 558 pallio
995 475 1146 540 indutum
1169 475 1286 551 tuissc3
1309 493 1411 540 manu
1456 540 1459 544 ,

185 589 317 654 dextera
345 587 529 668 caduceum
565 589 670 667 gestat
701 585 808 651 forma
843 585 1013 666 singulari:
1044 585 1078 649 in
1109 585 1296 649 interiorem
1322 583 1408 648 'enirn

184 693 525 777 circulumcnspidis,
563 713 649 776 quae
671 693 827 758 usitatam
857 693 998 758 sormam
1022 693 1140 771 habet,
1178 696 1408 758 ornamentum

184 805 367 868 immissum
392 808 452 882 est,
473 804 564 886 quod
587 823 662 867 cum
684 803 804 868 trifolio
828 803 976 868 conferre
998 803 1081 868 licet.

266 913 445 978 Minervam
468 912 552 977 inter
574 912 691 976 heroes
714 911 790 975 belli
813 911 922 976 Troici
946 915 1132 976 versantem
1156 913 1187 976 in
1211 911 1337 994 pictura
1357 914 1409 974 ta·
1474 993 1475 996 Ἴ

182 1021 287 1086 hellae
310 1027 370 1084 764
392 1021 559 1098 videmus,
581 1041 665 1102 quae
687 1020 796 1103 potius
818 1020 948 1085 Atticae
980 1039 1080 1102 quam
1104 1020 1333 1084 Corinthiacae
1356 1039 1407 1083 ar-

182 1132 223 1195 tis
247 1135 306 1196 est.
330 1131 448 1196 lnduta
461 1131 561 1211 longo
582 1130 722 1207 chitonc‚
740 1130 1022 1213 apoptygmateff)
1038 1129 1206 1208 instructo,
1230 1133 1262 1193 et
1275 1128 1408 1193 dextera

65 1309 67 1311 ,
182 1241 310 1306 hastam
337 1245 450 1304 tenens
465 1259 561 1304 curru
583 1239 725 1316 vehitur,
750 1259 857 1321 neque
879 1239 1007 1318 galeam
1030 1259 1137 1320 neque
1151 1239 1269 1319 aegida
1291 1241 1406 1320 gestat.

181 1351 304 1432 Magna
337 1365 469 1432 quoquc
499 1349 613 1431 ligura,
648 1367 733 1430 quae
762 1347 795 1412 in
830 1348 897 1412 tab.
922 1353 981 1412 801
1006 1348 1043 1413 B.
1072 1353 1228 1430 apparet,
1261 1347 1406 1412 Minerva
1519 1413 1520 1416 ,

179 1459 333 1524 habenda
355 1451 419 1534 cst3
451 1459 549 1540 longa
580 1465 670 1522 veste
692 1457 813 1522 amicta
835 1459 866 1521 et
897 1477 1012 1540 parma
1034 1457 1196 1539 hastaque
1224 1461 1352 1521 armata
1373 1455 1407 1522 in

178 1569 365 1652 praesumto
388 1567 531 1633 fornacis
563 1571 629 1632 stat
651 1567 780 1631 modice
811 1567 927 1650 pedem
961 1567 1139 1649 proferens.
1183 1565 1322 1631 Palladii
1346 1585 1405 1629 au-

178 1683 244 1742 tem
268 1682 356 1741 certa
377 1677 487 1758 imago
510 1677 543 1739 in
565 1677 631 1740 tab.
656 1681 717 1739 840
738 1675 774 1740 Β.
798 1675 950 1740 cernitur.

261 1787 375 1868 Neque
396 1785 521 1850 Dianae
543 1786 628 1850 illius
647 1785 832 1864 ,Persicae“
858 1785 1026 1868 imagines
1050 1806 1135 1868 quae
1157 1787 1200 1850 ab
1223 1786 1405 1850 artificibus

177 1894 407 1960 vetustissimis
431 1895 623 1976 saepissime
644 1895 879 1976 pingebantur,
903 1893 1024 1960 trustra
1047 1895 1249 1976 quaerimus3
1281 1895 1314 1958 in
1338 1895 1404 1958 tab.

175 2005 263 2070 enim
300 2006 359 2068 907
383 2005 412 2070 Α
436 2008 546 2086 partes
584 2004 653 2068 eius
683 2003 884 2086 superiores,
912 2009 1022 2093 <caput
1053 2003 1126 2068 dico
1149 2005 1281 2076 calatho
1305 2023 1404 2068 orna·

176 2118 256 2194 tum,
280 2113 349 2178 alas
372 2111 774 2196 praecurratas,'manum
799 2113 938 2191 laevam,
962 2131 1219 2195 quaeanscrcm
1242 2119 1340 2192 tenet,
1371 2114 1404 2176 in

174 2223 242 2289 tab.
265 2229 326 2287 908
348 2224 378 2287 A
400 2222 569 2288 interiores
591 2223 736 2304 reliquae
759 2226 844 2286 sunt.
1168 2231 1170 2236 '
1344 2220 1346 2224 ’

258 2332 323 2420 Sed
354 2331 436 2400 hace
465 2333 633 2397 hactenus
679 2332 828 2397 Transeo
864 2331 975 2396 adeis
1002 2332 1195 2415 deabusque
1222 2333 1402 2399 maioribus
1442 2339 1444 2342 ’

175 2441 218 2506 ad
239 2439 403 2507 semideos
427 2439 608 2522 herocsque
623 2443 723 2520 atquc
745 2439 888 2521 primum
912 2438 1047 2521 quidem
1066 2441 1184 2506 dicam·
1197 2441 1238 2505 da
1251 2441 1401 2506 Hercule.

175 2548 274 2614 Cuius
297 2547 505 2614 simulacrum
530 2547 630 2612 modo
653 2547 686 2610 in
700 2547 884 2628 fragmento
911 2551 970 2610 708
990 2550 1206 2632 agnouimus,
1220 2550 1275 2615 ubi
1299 2551 1402 2631 sagit-

173 2663 225 2722 tas
248 2657 399 2722 emittens
422 2657 493 2721 10111
516 2660 630 2720 contra
654 2654 802 2735 gigantes
826 2655 983 2719 auxilium
1005 2658 1076 2721 tert.
1113 2644 1291 2732 ¹Accedunt
1314 2649 1401 2737 duae

174 2766 334 2847 imagines
356 2765 504 2829 Herculis
525 2765 686 2844 Cerropes
709 2763 752 2827 ad
774 2763 887 2848 palum
909 2763 1059 2849 alligatos
1081 2769 1243 2850 portantis
1263 2769 1310 2852 (in
1332 2769 1401 2834 tab.

174 2881 244 2952 766,
269 2873 350 2955 161).
394 2873 458 2936 Sed
482 2872 662 2952 quidquam
687 2871 764 2936 certi
789 2871 829 2936 de
851 2873 921 2937 eius
943 2875 1049 2955 figura
1072 2875 1135 2939 dici
1157 2877 1286 2958 nequit,
1321 2877 1401 2958 quia

172 2982 312 3047 tabellae
334 2981 407 3044 illae
440 2980 721 3044 inaccuratissime
742 2980 850 3061 pictae
883 2986 971 3045 sunt.
1014 2983 1198 3050 Enumero
1222 2985 1399 3050 duodecim

172 3090 321 3156 Herculis
343 3090 507 3154 factorum
529 3088 665 3163 caedem
687 3088 791 3152 leonis
810 3089 964 3154 Nemeaei
986 3091 1019 3154 in
1042 3093 1229 3157 101191οΒ
1252 3094 1400 3176 descrip-

170 3204 239 3264 tam
262 3197 456 3262 inrenimus,
501 3195 603 3261 Cuius
626 3197 766 3262 tabellae
800 3198 940 3262 alterum
962 3198 1048 3264 latus
1071 3202 1249 3266 certamine
1271 3203 1400 3268 Hercu·

170 3309 208 3372 lis
232 3313 263 3372 et
286 3307 432 3372 centauri
454 3305 628 3370 cuiusdam
651 3311 805 3370 ornatum
828 3311 911 3380 erat;
941 3314 1137 3390 centaurus,
1171 3311 1263 3375 cuius
1289 3317 1399 3376 totum

171 3436 292 3499 corpus
312 3415 463 3478 crinitum
486 3417 545 3492 est,
569 3415 659 3495 quod
682 3417 812 3496 punctis
835 3416 945 3482 incisis
968 3419 1178 3502 significatur,
1201 3420 1399 3504 antiquioris

170 3525 249 3589 artis
272 3523 337 3587 ritu
359 3523 460 3606 pedes
480 3523 646 3587 humanos
669 3522 778 3587 habet.
824 3524 1032 3607 Quamquam
1061 3527 1225 3610 utrimque
1246 3530 1398 3596 Herculis

168 3633 272 3714 ligura
295 3631 402 3694 deleta
424 3649 532 3713 neque
555 3630 735 3714 quidquam
771 3632 919 3697 relictum
941 3638 990 3698 est
1012 3638 1141 3715 praeter
1162 3641 1288 3715 partem
1314 3638 1398 3703 infe-

166 3742 286 3806 riorem
308 3740 411 3804 leonis
432 3743 466 3802 et
488 3742 644 3818 centauri,
666 3745 779 3806 tamen
803 3761 842 3805 ex
865 3743 979 3806 habitu
993 3763 1111 3808 eorum
1131 3763 1190 3826 pro
1214 3749 1304 3810 ccrto
1328 3749 1398 3811 col-

168 3852 265 3931 ligere
287 3850 363 3914 licet
384 3849 532 3913 Herculis
556 3851 735 3914 certamina
758 3851 803 3914 ibi
826 3852 955 3935 depicta
978 3852 1085 3916 fuisse.

248 3957 520 4040 Bellerophontis
555 3957 726 4023 clarissimi
748 3959 833 4034 illius
862 3960 972 4025 herois
996 3961 1252 4042 Corinthiorum,
1274 3962 1308 4028 in
1331 3965 1397 4028 Pe-

165 4087 247 4148 gaso
271 4066 414 4130 sedentis
435 4068 541 4132 forma
564 4067 704 4133 tabellae
727 4075 787 4133 909
811 4071 840 4132 Α
863 4074 1092 4134 ornamentum
1115 4075 1177 4148 est3
1201 4072 1322 4138 mirum
1346 4075 1397 4138 vi-

165 4177 268 4253 detur,
289 4175 378 4258 quod
401 4177 434 4240 in
455 4177 517 4242 hac
538 4197 604 4242 una
628 4177 775 4260 Pegasus
798 4178 946 4260 depictus
969 4183 1032 4255 est,
1055 4179 1115 4242 etsi
1131 4184 1304 4262 tamquam
1327 4185 1397 4265 sig-

164 4303 244 4348 num
266 4283 357 4348 urbis
381 4285 526 4372 Corinthi
558 4291 628 4350 erat
650 4291 682 4350 et
705 4287 738 4350 in
774 4285 1012 4366 antiquioribus
1034 4288 1178 4351 nummis
1200 4291 1397 4371 saepissime

163 4392 333 4456 invonitur.
