3230 4942
808 263 824 312 ti

202 414 311 474 erutas
335 415 434 493 atque
456 427 612 474 vasorum
636 413 737 473 testas
760 430 943 492 perpaucas
966 411 1005 474 iis
1027 411 1191 475 admixtas
1220 431 1306 485 esse;
1340 410 1430 474 aedi-

201 519 348 584 ficiorum
373 519 527 601 reliquias
551 519 674 582 invenit
696 519 813 583 nullas.
868 519 962 583 Unde
984 539 1003 582 a
1034 519 1144 584 multis
1167 520 1359 584 conclusum
1382 524 1431 584 est

200 627 340 692 tabellas
372 647 440 692 non
462 628 494 690 in
520 628 654 708 templo,
691 627 749 691 scd
787 629 820 691 in
854 629 1028 692 arboribus
1063 629 1125 692 luci
1152 628 1323 694 cuiusdam
1347 630 1430 693 sacri

202 757 379 818 suspensas
412 737 523 800 fuisse.
576 737 670 814 Quae
693 738 890 816 coniectura,
923 737 983 801 etsi
1006 757 1162 818 magnam
1185 737 1329 802 veritatis
1355 719 1446 821 spe-⁵

202 845 283 910 ciem
310 846 539 928 praesefert,
579 845 658 910 mihi
687 850 797 913 tamen
822 847 1061 911 dubitationem
1083 849 1203 911 movet.
1255 846 1339 910 Nam
1360 846 1431 911 fieri

202 955 319 1035 potuit,
342 959 379 1018 ut
402 955 590 1019 sacerdotes
613 976 680 1032 eae,
708 975 783 1020 cum
805 955 885 1024 ritus
906 960 939 1017 et
961 955 1129 1019 obsoletae
1151 975 1223 1019 esse
1243 954 1432 1018 viderentur

202 1067 234 1126 et
256 1083 412 1128 numerus
434 1083 547 1128 earum
570 1083 677 1145 aequo
700 1064 808 1128 maior
829 1063 1056 1132 accumulatus
1089 1068 1190 1140 esset,
1222 1083 1240 1126 e
1273 1064 1430 1146 templ01)

202 1173 352 1237 tollerent
374 1177 483 1255 atque.
507 1193 557 1250 ne,
581 1176 617 1253 ut
640 1192 762 1250 sacrae,
786 1172 995 1250 violarentur,
1019 1172 1052 1236 in
1074 1173 1206 1253 regione
1229 1172 1282 1236 illa
1304 1176 1431 1236 remota

203 1282 366 1345 subterra
381 1281 569 1346 conderent.
592 1258 759 1346 ¹Fortasse
781 1283 881 1345 ctiam
905 1281 1012 1361 ligneo
1031 1281 1176 1345 sacrario
1186 1284 1211 1361 ¹)
1234 1281 1430 1362 perantiquo

203 1391 333 1455 luerunt
354 1395 559 1456 ornamento.
605 1391 714 1471 Atque
736 1391 889 1454 incertior
910 1395 981 1455 tota
1003 1410 1055 1454 res
1078 1410 1118 1454 eo
1141 1392 1187 1468 iit,
1211 1391 1301 1472 quod
1324 1389 1430 1454 tabel-

205 1503 253 1564 lae
276 1499 308 1562 in
332 1500 482 1564 faucibus
512 1501 658 1580 angustis
682 1500 814 1564 abditae
837 1504 939 1576 erant,
973 1499 1029 1563 uhi
1052 1499 1212 1563 imbribus
1234 1498 1430 1563 hiemalibus

203 1613 302 1690 atque
326 1609 575 1692 tempestatibus
597 1628 738 1690 magnae
761 1609 821 1674 soli
845 1609 1123 1673 commutationes
1146 1608 1229 1672 ellici
1252 1609 1365 1672 solent.

288 1719 361 1795 Qua
384 1718 424 1781 de
447 1739 481 1782 rc
504 1737 661 1800 cumpro
684 1721 774 1782 certo
796 1717 940 1781 iudicare
962 1737 1029 1782 non
1053 1717 1227 1799 possimus,
1252 1717 1347 1780 nobis
1364 1737 1431 1781 non

203 1827 340 1890 dubium
364 1831 422 1904 est,
447 1827 525 1908 quin
549 1826 651 1905 locus,
675 1847 741 1908 qno
754 1826 893 1890 tabellae
913 1826 1095 1891 collocatae
1117 1831 1219 1898 erant,
1243 1826 1431 1908 qualiscun-

204 1955 269 2016 que
300 1935 369 2013 fuit,
406 1935 558 2016 Neptuni.
594 1935 838 2000 honoratissimi
874 1935 959 1999 illius
983 1934 1230 1999 Corinthiorum
1254 1934 1317 2012 dei,
1339 1955 1431 1999 sacer

203 2045 312 2126 tuerit3
337 2045 427 2127 quod
451 2045 573 2108 crebris
596 2045 737 2126 Neptuni
761 2045 943 2109 simulacris
968 2050 1000 2108 et
1022 2044 1130 2109 verbis
1152 2045 1315 2126 inscriptis
1339 2044 1430 2108 dedi-

204 2152 349 2216 cantium
372 2152 623 2217 demonstratur.

288 2261 499 2325 Tabellarum
522 2281 678 2325 numerus
697 2263 860 2325 maximus
884 2267 941 2340 est,
965 2261 1022 2325 sed
1046 2262 1222 2344 pleraeque
1246 2261 1367 2326 fractae
1381 2265 1431 2326 at·

204 2389 268 2452 que
301 2375 459 2434 contusae
493 2375 571 2433 sunt
606 2389 713 2452 neque
735 2371 860 2434 colores
883 2371 967 2434 bene
993 2375 1254 2452 permanserunt.
1299 2371 1432 2436 Praeter

204 2478 388 2557 duodecim,
425 2499 508 2560 quas
538 2498 690 2542 nruseum
713 2479 897 2544 Parisinum
922 2484 1055 2544 nactum
1078 2484 1138 2558 est,
1166 2485 1293 2544 ceterae
1316 2499 1430 2542 omnes

204 2608 224 2652 a
247 2589 370 2652 muscis
394 2588 489 2668 regiis
504 2587 770 2652 Berolinensibus
790 2589 970 2670 acquisitae
991 2589 1034 2652 ibi
1057 2589 1090 2651 in
1114 2587 1301 2670 antiquario
1325 2608 1430 2652 asser·

204 2702 330 2761 vantur.
376 2697 524 2774 Quarum
546 2716 622 2760 cum
645 2697 903 2778 quadringentae
926 2699 1010 2761 adeo
1037 2697 1164 2795 dirutae
1186 2697 1260 2775 sint,
1293 2702 1331 2762 ut·
1352 2681 1429 2760 nihil

203 2805 269 2868 iam
304 2805 338 2868 in
373 2805 411 2868 iis
446 2806 598 2887 cognosci
635 2807 749 2890 possit,
786 2810 958 2870 sexcentae
986 2807 1060 2887 plus
1079 2806 1228 2870 minusve
1250 2807 1430 2870 incolumes

205 2919 289 2977 sunt.
350 2915 441 2991 Quas
462 2914 525 2978 Ad.
548 2915 792 2995 Furtwaengler
815 2915 1062 2995 diligentissime
1085 2915 1341 2997 doctissimeque
1364 2916 1430 2980 dis-

204 3022 315 3103 posuit
336 3027 435 3104 atque
458 3023 629 3106 descripsit
651 3025 683 3087 in
707 3024 859 3103 catalogo
873 3023 1020 3088 thesauri
1037 3025 1258 3088 Berolinensis
1275 3044 1429 3089 vasorum

203 3130 350 3195 fictilium
373 3131 444 3195 sub.
471 3152 559 3195 num.
576 3137 671 3194 347—
682 3137 742 3194 955
754 3137 786 3195 et
800 3137 1022 3208 3920-39243
1046 3132 1285 3213 quinquaginta
1308 3133 1432 3197 circiter

203 3259 315 3303 earum
348 3241 431 3304 bene
454 3245 554 3322 atque
575 3241 709 3322 pulchre
732 3241 765 3303 in
793 3241 883 3316 ,Ant
907 3240 1062 3304 Denkm.“
1080 3241 1141 3304 vol.
1157 3240 1179 3318 l,
1201 3241 1266 3306 tab.
1282 3241 1347 3318 Vll,
1363 3242 1430 3304 Vlll

203 3347 349 3429 depictas
374 3367 445 3412 esse
468 3349 658 3429 gaudemus.
702 3348 855 3412 Tabellas
878 3351 999 3426 autem,
1022 3368 1108 3430 quae
1130 3348 1265 3413 Parisiis
1288 3355 1375 3428 sunt,
1397 3351 1429 3413 in
1484 3327 1488 3332 ’

202 3455 293 3518 libris
317 3455 604 3538 Francogallicis2)
627 3455 808 3536 descriptas
832 3459 931 3537 atque
952 3455 1098 3538 depictas
1121 3457 1273 3523 invenies

191 3705 194 3712 ’
288 3714 308 3781 ¹)
327 3713 404 3779 Quae
422 3713 529 3780 opinari
548 3729 604 3765 non
617 3717 742 3764 vetamur
760 3729 801 3776 eo,
820 3714 893 3780 quod
912 3731 1012 3782 magna
1030 3716 1193 3770 tabellarum
1212 3735 1274 3785 pars
1285 3719 1430 3786 ,utrimque

202 3809 331 3861 decorata
350 3811 402 3867 est;
422 3821 483 3858 narn
504 3805 573 3857 tales
591 3805 625 3856 ad
644 3805 736 3856 clavos
754 3805 782 3857 in
801 3805 919 3872 parietes
937 3807 1048 3861 adactos
1066 3809 1161 3862 autad
1175 3811 1429 3878 partes'prominen-

203 3904 244 3950 tes
262 3897 402 3950 simulacri
420 3895 463 3948 dei
482 3901 531 3948 etc.
551 3895 656 3964 alligari
675 3896 798 3964 potuisse
817 3913 873 3950 non
892 3903 932 3950 est
951 3899 1116 3976 negandum.

286 3991 305 4054 ²)
325 3990 386 4043 Gau.
404 3989 513 4042 arclreol
543 3988 607 4042 1880
624 4004 684 4056 pag.
703 3989 748 4040 101
770 4005 832 4057 sqq;
851 3991 946 4058 Rayet
970 4021 995 4029 -
1015 3991 1088 4046 Mon.
1108 4007 1184 4060 grecs
1205 3992 1301 4044 11-13
1318 3992 1429 4057 (1882-

204 4083 279 4148 1884)
301 4098 361 4150 pag.
379 4080 492 4143 23-32;
519 4080 669 4148 Gollignon.
689 4110 719 4118 -
739 4082 826 4150 Rayet
845 4089 871 4136 et
890 4083 1044 4153 Collignon,
1066 4084 1129 4138 hist.
1147 4086 1180 4138 de
1197 4086 1224 4138 la
1241 4089 1293 4137 cer.
1312 4101 1428 4152 grecque

201 4191 261 4242 pag.
281 4173 329 4225 143
347 4189 406 4240 sqq.
424 4201 489 4210 --
508 4172 650 4225 Praeterea
668 4173 701 4225 de
729 4174 836 4228 tabellis
862 4176 1001 4229 conferas:
1049 4177 1170 4230 Annales
1196 4175 1243 4229 des
1264 4176 1379 4228 facultes
1394 4177 1428 4229 de

202 4263 434 4327 Bordeaux1882;
454 4264 604 4331 Collignon.
622 4293 654 4300 —
673 4265 734 4318 Gaz.
752 4267 799 4319 des
817 4267 907 4320 beaux
926 4274 982 4320 arts
994 4267 1087 4331 XXVI,
1107 4268 1173 4321 1882
1180 4268 1314 4336 pegni&
1333 4267 1428 4336 Rayet.

202 4386 233 4394 -
248 4357 319 4410 Ann.
337 4355 398 4408 dell'
416 4355 480 4409 Inst.
501 4355 565 4410 1882
582 4361 636 4408 tav.
654 4357 741 4424 d'agg.
776 4359 808 4421 U,
826 4375 887 4427 pag.
905 4361 962 4423 182,
982 4359 1224 4413 Donum-Richter.
1242 4387 1274 4396 —
1291 4360 1427 4413 Deutsche

202 4449 295 4500 ltevue
314 4446 380 4500 1882
396 4463 456 4514 pag.
474 4447 524 4500 2211
541 4463 604 4515 sqq,
624 4447 702 4502 Arth.
720 4449 907 4504 Miichhoeser.
919 4485 949 4492 -
965 4451 1033 4504 Mitt.
1052 4452 1100 4503 des
1117 4453 1172 4504 ath.
1191 4452 1256 4504 inst.
1275 4450 1348 4515 1885,
1365 4469 1425 4520 pag.
