3230 4942
793 257 828 314 26

711 335 911 346 ----..,.

199 401 315 486 plagas
337 403 518 486 exciperet,
540 405 744 486 tegebantur.
802 406 899 470 Haud
924 406 1057 488 quidem
1082 405 1197 485 ignoro
1220 403 1254 468 in
1278 403 1426 484 complu·

198 511 292 576 ribus
314 511 513 594 imaginibus
536 514 586 596 (cf.
611 535 636 578 e.
664 535 691 597 g.
716 515 823 592 Gerh,
846 516 887 580 A.
915 516 974 580 Vh.
998 517 1050 592 lll,
1074 521 1151 592 227,
1174 515 1247 596 230)
1272 515 1332 578 has
1360 512 1426 594 spi·

198 622 281 684 rales
305 623 398 704 quasi
423 624 642 704 agglutinatas
664 643 824 706 apparere
847 629 878 688 et
899 629 968 690 tam
1000 645 1118 706 parvas
1141 628 1242 704 atque
1264 621 1426 704 simplices

198 749 287 808 esse,
323 736 360 794 ut
394 751 451 796 eas
487 753 578 796 more
614 735 831 798 barbararum
864 733 1007 816 gentium
1038 735 1071 796 in
1105 753 1203 797 carne
1239 731 1359 796 incisas
1395 733 1426 794 et

198 839 307 903 colore
328 829 464 904 infectas
488 861 560 906 esse
583 843 743 906 crederes.
787 843 901 924 Neque
936 847 1048 906 tamen
1072 843 1136 906 tale
1168 842 1259 923 apud
1282 841 1426 905 Graecos

197 948 298 1013 fiebat
320 951 419 1030 atque
443 951 485 1014 ob
507 950 592 1014 hanc
615 971 683 1014 reru
707 955 787 1034 puto
802 951 900 1016 etiarn
924 951 984 1016 has
1007 951 1143 1034 spitales
1166 971 1206 1014 ex
1228 970 1302 1016 aere
1324 949 1426 1014 tactas

197 1057 379 1122 femoribus
401 1061 590 1138 tegumento
613 1059 722 1124 fuisse.

272 1161 399 1232 ‘Milites
434 1169 628 1251 plerumque
662 1189 778 1250 panna
800 1170 942 1234 rotunda
970 1174 1124 1246 utuntur3
1162 1189 1280 1234 cavum
1302 1167 1426 1233 brachii

197 1274 394 1340 immittendi
417 1296 518 1341 causa
541 1278 670 1342 duabus
694 1275 801 1356 ansis,
838 1299 978 1360 quarum
1002 1280 1103 1342 altera
1126 1279 1158 1342 in
1181 1279 1301 1355 medio,
1325 1278 1427 1342 altera

198 1384 337 1466 margini
360 1385 496 1509 propior
518 1390 587 1464 est,
621 1387 818 1453 instructum
843 1391 874 1450 et
897 1405 1136 1468 saepenumero
1169 1387 1306 1450 fimbriis
1330 1407 1426 1451 orna-

198 1495 268 1556 tum
291 1497 356 1570 est;
379 1494 412 1558 in
432 1501 584 1559 'convexo
608 1501 805 1560 ornamenta
824 1497 931 1560 omnis
955 1497 1082 1576 generis
1105 1497 1281 1577 variaeque
1305 1495 1428 1560 bestiae

197 1609 368 1684 apparent.
414 1604 539 1668 Boeotii
563 1604 656 1686 clipei
688 1605 793 1670 forma
815 1605 955 1668 occurrit
977 1605 1010 1668 in
1032 1605 1100 1668 tab.
1124 1610 1202 1683 589,
1239 1604 1372 1685 oblongi
1397 1608 1427 1666 et

197 1711 362 1792 utrimque
398 1713 431 1776 in
464 1713 605 1796 speciem
641 1714 835 1778 semicirculi
874 1714 999 1777 insecti.
1062 1713 1249 1795 Simplicem
1286 1713 1423 1795 clipeum

197 1819 378 1901 oblongum
400 1822 485 1886 Aiax
507 1823 540 1886 in
562 1825 629 1887 tab.
654 1830 714 1887 764
737 1823 866 1888 videtur
888 1827 1042 1904 gestasse.

281 1929 362 1994 Tela
384 1930 462 1994 nihil
485 1931 606 1996 insoliti
620 1936 677 1996 aut
699 1931 822 2014 proprii
845 1931 977 1996 habent.
1001 1931 1153 1996 Peditum
1178 1932 1275 1997 hasta
1297 1931 1427 2010 elongo

199 2037 307 2102 hastili
330 2043 430 2120 atque
453 2040 537 2105 ferro
561 2060 628 2105 non
651 2041 807 2106 uncinata
831 2046 974 2117 constat3
1008 2041 1157 2105 breviore
1180 2041 1312 2123 saepius
1335 2040 1428 2121 equi·

197 2149 247 2209 tes
271 2151 417 2211 utuntur.

282 2256 417 2322 Gladius
441 2259 526 2322 latus
550 2278 656 2340 neque
679 2259 724 2323 ita
747 2259 856 2323 brevis
879 2261 979 2324 modo
1003 2260 1107 2324 terreo
1131 2260 1225 2336 vecti,
1250 2279 1315 2340 quo
1345 2259 1427 2321 ictus

200 2365 352 2444 vitantur,
376 2367 563 2445 instructus
587 2369 688 2432 rnodo
711 2388 780 2432 non
803 2367 990 2447 instructus
1015 2370 1076 2433 sub
1098 2369 1192 2432 laevo
1212 2368 1347 2432 brachio
1371 2366 1429 2430 de·

199 2477 321 2557 pendet
342 2477 452 2542 balteo
483 2479 516 2540 in
540 2478 673 2541 dextero
709 2478 846 2542 humero
885 2478 1054 2560 imposito;
1092 2479 1228 2562 capulus
1257 2477 1429 2558 aliquoties

199 2586 337 2650 fimbriis
360 2590 496 2652 ornatus
521 2591 578 2650 est.
1410 2575 1417 2586 ’

284 2697 443 2760 Pharetra
479 2697 606 2778 sagittis
638 2698 757 2760 referta
793 2696 835 2760 ad
870 2701 997 2778 partem
1034 2697 1201 2760 dexteram
1236 2695 1315 2775 tergi
1349 2677 1429 2771 loro,

202 2806 291 2887 quod
314 2825 334 2870 a
357 2805 451 2868 laevo
466 2805 605 2870 humero
629 2805 691 2869 sub
706 2804 758 2869 ala
780 2805 914 2868 dextera
929 2803 1068 2880 ducitur,
1092 2804 1223 2885 alligata
1237 2807 1293 2867 est.
1324 2803 1430 2867 Arous

202 2935 270 2978 non
293 2915 435 2977 tonnam
458 2914 639 2995 simplicem
655 2914 732 2996 ligni
755 2913 880 2978 curvati
903 2913 1012 2991 habet,
1036 2914 1094 2977 scd
1117 2905 1288 2994 dupliciter
1309 2911 1429 2975 inflexi.

202 3023 329 3103 Sagitta
351 3023 450 3102 longa
472 3027 572 3104 atque
594 3027 738 3104 pennata
760 3023 794 3087 in
817 3026 908 3105 parte
931 3022 1082 3086 inferiore
1104 3022 1229 3084 insecta
1250 3025 1307 3084 est.

287 3133 510 3196 Transeamus
534 3131 577 3196 ad
611 3151 667 3196 cas
688 3131 835 3208 tabellae,
859 3151 999 3212 quarum
1024 3131 1170 3212 picturae
1191 3129 1233 3192 ad
1256 3133 1431 3192 venatores

202 3241 478 3321 venationeinque
501 3244 660 3321 spectant.
711 3240 760 3303 ln·
779 3239 880 3303 latere
903 3240 1041 3303 adverso
1070 3238 1211 3304 tabellae
1234 3237 1432 3301 Timonidae

202 3353 341 3414 venator
363 3353 430 3412 stat
451 3348 581 3412 duabus
604 3347 716 3426 hastis,
740 3348 858 3428 gladio,
881 3349 1035 3428 pharetra
1048 3351 1194 3412 armatus
1217 3350 1317 3428 atque
1340 3345 1432 3408 brevi

202 3458 333 3522 chitone
355 3456 503 3532 indutus3
532 3455 621 3536 apud
644 3475 720 3520 eum
742 3456 831 3520 canis
854 3461 904 3520 est
935 3458 1042 3522 forma
1063 3457 1127 3535 illa,
1158 3476 1223 3538 qua
1251 3454 1283 3518 in
1312 3474 1433 3517 monu-

203 3567 321 3629 mentis
343 3565 504 3630 archaicis
527 3583 599 3628 esse
621 3564 711 3628 solet.
1346 3577 1348 3580 ·

286 3675 329 3737 Ut
351 3673 511 3738 Corinthii
534 3672 672 3738 artifices
695 3673 808 3736 crebro
832 3678 864 3736 et
886 3672 1024 3736 libenter
1042 3674 1249 3737 venationem
1273 3689 1431 3752 aprorum

203 3785 388 3866 pinxerunt,
412 3783 459 3847 ita
481 3783 512 3846 in
536 3782 662 3847 tabellis
686 3801 819 3864 quoque
842 3801 910 3846 non
932 3781 1148 3856 desideratum
1182 3781 1214 3844 in
1236 3781 1304 3844 tab.
1327 3779 1434 3842 fracta

203 3893 301 3956 894ss
325 3892 395 3972 apri
417 3911 494 3971 pars
517 3891 678 3973 posterior
700 3891 909 3973 conspicitur.
938 3911 1022 3971 quae
1044 3890 1164 3970 sagitta
1186 3908 1341 3969 percussa
1371 3894 1433 3966 est,

203 4006 239 4065 ut
263 4001 396 4080 sanguis
419 4021 437 4062 e
459 4001 591 4064 vulnere
612 4000 703 4063 tlnat.
747 4000 853 4064 Etiam
878 3999 936 4063 viri
959 3999 1085 4063 barbati
1112 4002 1144 4061 et
1175 3997 1272 4060 hasta
1301 3995 1433 4073 armati,

204 4111 260 4193 qui
284 4111 317 4172 in
338 4111 438 4173 latere
461 4109 600 4173 adverso
623 4108 771 4172 eiusdem
794 4107 934 4172 tabellae
968 4107 1044 4190 picti
1066 4111 1151 4184 sunt,
1182 4107 1355 4168 venatores
1383 4103 1436 4165 vi·

203 4219 321 4285 dentur
343 4237 424 4297 esse,
448 4217 503 4300 qui
528 4216 702 4281 venatione
717 4217 852 4282 feliciter
865 4221 998 4300 peracta
1016 4215 1097 4279 alter
1111 4215 1249 4277 alterum
1273 4211 1436 4276 salutant.
