3230 4942
323 393 355 472 a)
379 411 464 475 quae
487 386 637 475 pediculo
659 399 781 472 carent,
805 415 948 476 quorum
971 397 1077 460 forma
1099 401 1154 461 aut
1179 398 1329 478 gracilior
1352 401 1404 482 (cf.

373 503 439 566 tab.
463 507 534 580 351,
558 509 629 582 373,
653 509 713 586 8111
737 504 812 586 818.)
838 509 892 568 881
917 505 1217 588 88811188881181.
1242 501 1307 573 181).
1333 515 1405 587 388,

370 617 441 690 453,
465 617 525 674 489
549 613 634 695 etc),

321 746 355 826 b)
380 765 465 826 quae
496 745 646 828 pediculo
676 746 834 811 instructa
862 751 939 811 sunt
962 750 1014 831 (ct'.
1038 749 1104 812 tab.
1129 755 1200 825 475,
1223 755 1294 827 488,
1321 753 1406 832 799).

256 881 434 963 Utriusque
461 881 588 961 generis
617 884 742 945 formae
769 881 963 946 coniunctae
993 887 1071 946 sunt
1097 883 1130 946 in
1157 883 1314 964 tridente,
1350 884 1405 965 qui

174 989 207 1052 in
231 990 297 1053 tab.
322 995 382 1052 385
407 994 554 1072 apparet.

256 1125 288 1205 5)
319 1124 523 1188 Tridentium
553 1125 720 1206 cuspides,
757 1125 789 1188 in
821 1126 956 1190 modum
992 1145 1211 1209 gemmarum,
1246 1128 1406 1210 calycum‚

172 1234 230 1297 1811
257 1235 373 1297 florum
406 1235 582 1313 formatae,
619 1236 662 1298 ad
690 1236 797 1318 ipsum
826 1256 961 1318 scapum
990 1236 1107 1300 affixae
1138 1240 1224 1300 sunt.
1254 1236 1305 1319 (ci.
1339 1238 1406 1302 tab.

174 1347 245 1420 848,
269 1348 345 1418 aar,
369 1348 440 1421 884,
464 1349 539 1406 802:
563 1351 622 1406 471
647 1346 730 1425 era).

257 1478 289 1559 6)
311 1478 450 1542 Formae
465 1477 602 1542 rariores
619 1479 667 1542 881
682 1479 863 1559 singulares
878 1480 931 1558 (81.
947 1480 1013 1543 181).
1029 1485 1100 1557 539,
1119 1483 1193 1554 803;
1215 1484 1292 1556 8093
1316 1481 1404 1563 477).

260 1612 445 1688 Tridentis,
476 1613 587 1694 88118
611 1614 676 1676 tab.
701 1620 760 1676 347
785 1619 850 1690 881,
887 1613 1063 1696 praecipue
1086 1613 1287 1678 mentionem
1311 1615 1408 1694 facie,
1524 1697 1528 1704 Ι

173 1722 251 1802 8818
274 1722 388 1785 (188188
413 1721 446 1784 id
470 1721 560 1803 quod
582 1721 748 1787 rarissime
771 1723 846 1797 vidi,
870 1723 1014 1786 uncinati
1038 1726 1122 1786 sunt.

257 1857 304 1919 118
326 1855 377 1919 his
401 1856 589 1920 tridentium
614 1857 727 1921 fonnis
750 1858 796 1921 sic
820 1862 940 1921 statuo.
968 1858 1139 1936 Neptunus
1162 1857 1405 1937 antiquioribus

177 1965 393 2045 temporibus,
416 1969 451 2028 ut
474 1965 567 2029 multi
591 1966 644 2029 aiii
668 1966 710 2030 dii
735 1967 891 2046 deaeque,
916 1969 1082 2046 sceptrum
1100 1966 1181 2029 11888
1204 1965 1253 2054 881
1277 1985 1409 2047 gemma

177 2078 371 2137 coronatum
381 2074 403 2156 1)
428 2075 562 2155 gerebat
585 2075 778 2139 8118818888
801 2075 920 2156 sceptri
949 2075 1018 2138 eius
1042 2073 1099 2139 1811
1122 2075 1221 2138 118888
1244 2075 1293 2138 881
1316 2095 1408 2156 gem-

175 2203 249 2247 mae
272 2184 405 2266 propria
441 2190 542 2249 erant.
588 2185 661 2261 Quo
685 2190 814 2268 sceptro
847 2185 1070 2249 deminutione
1102 2185 1303 2266 singularum
1328 2205 1407 2266 par·

174 2292 266 2361 tium.
291 2312 375 2374 8888
399 2293 556 2356 inertius
580 2295 792 2373 cogebantur,
817 2294 915 2357 telum
940 2298 1047 2356 ortum
1071 2297 1130 2368 est,
1165 2292 1255 2374 quod
1290 2297 1409 2369 aetate,

176 2420 242 2481 qua
264 2402 395 2465 accolae
423 2422 499 2466 orae
520 2401 704 2466 maritimae
738 2401 916 2482 piscatorio
946 2401 1082 2464 artificio
1107 2405 1281 2482 quaestum
1306 2401 1410 2466 facie-

175 2511 266 2587 bant,
295 2511 435 2590 tridenti,
464 2511 520 2593 qui
549 2511 681 2592 saepius
709 2509 971 2592 apiscatoribus
989 2509 1218 2586 adhibebatur,
1246 2510 1409 2589 paulatim

177 2640 238 2702 par
251 2621 358 2686 fiebat.
392 2621 506 2702 118888
518 2641 593 2685 mea
608 2619 741 2701 quidem
757 2618 919 2682 sententia
941 2618 1033 2682 initio
1050 2638 1117 2683 888
1132 2619 1257 2683 tridens
1279 2619 1409 2701 insigne

175 2729 318 2810 Neptuni
339 2729 410 2808 1811,
444 2729 501 2793 sed
525 2733 692 2811 sceptrum
723 2731 756 2791 81
777 2727 896 2811 sceptri
920 2727 1045 2791 formae
1068 2727 1205 2792 detritae
1229 2733 1261 2792 et
1284 2728 1407 2792 obscu-

176 2840 267 2902 ratae
291 2841 424 2919 postero
460 2841 608 2920 tempore
631 2835 744 2900 similis
776 2836 882 2899 forma
906 2835 1070 2910 tridentis,
1101 2837 1156 2917 881
1187 2835 1249 2899 (188
1277 2836 1409 2900 marino

178 2948 275 3027 aptus
298 2950 375 3024 erat,
399 2945 579 3009 substituta
601 2951 660 3008 est.
703 2945 859 3028 Exempla
881 2945 961 3010 satis
996 2944 1100 3008 multa
1122 2945 1212 3007 iloris
1241 2945 1290 3008 vel
1316 2965 1411 3025 gem-

176 3073 251 3118 mae
274 3055 307 3118 in
329 3054 478 3118 tridentis
509 3053 679 3135 cuspidem
709 3053 909 3118 transeuntis
932 3053 963 3116 in
993 3053 1121 3116 tabellis
1145 3058 1316 3135 apparent.
1354 3055 1410 3137 (cf.
1453 3079 1457 3088 ·

176 3163 334 3227 tridentes
358 3164 389 3227 18
413 3163 481 3228 tab.
505 3169 577 3241 471,
599 3168 672 3243 483,
695 3163 782 3244 843.)

262 3300 434 3379 Sceptrum
466 3302 577 3361 autem
612 3317 690 3361 vero
724 3295 862 3360 tridente
898 3296 1064 3376 antiquius
1087 3315 1158 3359 esse
1191 3297 1332 3360 tabellae
1355 3298 1412 3379 (ci.

177 3409 244 3472 tab.
267 3408 343 3491 387)
365 3426 426 3488 pro
449 3411 537 3470 certo
561 3407 695 3483 docent,
732 3425 837 3488 neque
861 3409 977 3486 putare
998 3405 1071 3469 licet
1094 3405 1273 3468 vetustiore
1296 3409 1409 3470 aetate

177 3517 351 3580 tridentem
381 3519 508 3598 sceptro
531 3513 749 3596 significatum
771 3533 853 3589 esse,
891 3513 968 3594 quia
991 3513 1121 3593 saepius
1143 3512 1206 3576 hoc
1229 3512 1283 3576 vix
1308 3515 1409 3578 ullam

177 3624 420 3689 similitudinem
455 3643 529 3687 cum
566 3644 605 3687 88
629 3623 737 3686 habet.
783 3621 889 3685 Etiam
924 3621 987 3684 hoc
1018 3622 1115 3702 plane
1145 3622 1337 3702 negandum
1361 3627 1413 3687 est

177 3734 319 3798 artifices
342 3733 536 3796 tabellarum
573 3751 698 3796 morem
732 3731 945 3812 antiquorum
976 3729 1139 3810 pictorum
1173 3721 1288 3793 omnia
1311 3750 1412 3794 orna·

179 3843 296 3906 mentis
320 3841 498 3906 decorandi
533 3845 663 3904 secutos
698 3838 851 3921 cuspides
874 3837 1031 3918 simplicis
1067 3837 1217 3900 tridentis
1254 3839 1414 3903 inflores

177 3951 228 4014 vel
250 3971 398 4031 gemmas
422 3954 574 4014 mutasse.

264 4267 282 4335 ¹)
300 4267 430 4321 Conferas
447 4271 590 4333 sceptrum,
618 4263 689 4331 quod
709 4263 737 4314 in
757 4258 868 4328 Assyria
896 4257 995 4311 tabella
1027 4257 1148 4310 eburnea
1173 4255 1418 4324 (Perrot·Cbipiez,

180 4363 241 4417 hist.
259 4361 292 4415 de
310 4361 371 4415 l’art
388 4359 457 4413 dans
474 4357 628 4425 l'antiquite
647 4357 670 4408 11
691 4353 793 4422 118811,
812 4369 872 4420 pag.
889 4351 951 4412 22&
972 4379 1002 4386 -
1029 4366 1054 4400 8.
1073 4349 1162 4416 Sybei,
1181 4348 1346 4415 Woltgesch.
1365 4351 1417 4404 der

180 4457 267 4515 Kuust
284 4455 326 4529 fig.
345 4455 385 4519 54,
403 4471 463 4524 pag.
481 4451 524 4518 67)
542 4454 662 4519 apparet.
