3230 4942
732 241 931 326 mil„

301 390 335 454 ln
358 389 480 485 tabella
497 389 594 454 ¹valde
615 389 706 454 laesa
729 390 830 454 872ss
853 389 1015 474 conspicis
1038 409 1119 455 saxa
1141 389 1354 471 imminentia,
1378 393 1445 456 duo

216 497 360 578 brachia,
383 499 504 592 quihus
526 498 665 564 melleus
686 503 824 578 tenetur,
848 501 1000 564 iuvenem
1021 500 1118 582 pleno
1136 520 1232 565 sacco
1257 505 1443 579 crreratun13

217 609 249 672 in
272 609 337 674 tab.
362 615 433 690 638,
457 615 528 692 639,
551 609 671 687 831Α.,
695 609 847 676 metallici
869 609 993 690 vulgari
1008 609 1124 673 habitu
1139 615 1328 692 operantur.
1352 611 1445 688 Quae

217 718 358 782 tabellae
390 719 525 783 omuino
562 719 628 784 sere
658 719 840 800 perfractae
872 723 958 782 suut.
1001 719 1073 784 Hoc
1103 725 1214 784 autem
1236 719 1269 784 in
1293 721 1359 784 lah.
1384 727 1443 783 639

217 828 372 907 cognosci
396 832 504 909 potest
527 823 814 892 metallicum‘non
837 827 870 890 in
884 825 997 891 sodina
1011 830 1126 909 aperta
1149 827 1308 904 laborare,
1331 827 1443 891 sedin

215 935 367 1000 cuniculo
390 936 615 1001 subterraneo.
660 936 828 1002 Metallum
851 956 998 1018 quoque,
1036 937 1129 1000 cuius
1154 937 1308 1018 reliquias
1331 937 1445 1001 Milch·

217 1044 331 1110 hoefer
353 1044 442 1128 apud
465 1044 660 1109 Corinthum
683 1045 779 1124 uidit,
811 1049 930 1128 puteus
953 1049 1022 1109 erat
1045 1045 1177 1109 declivis
1201 1045 1233 1108 in
1256 1065 1371 1128 rupem
1395 1047 1444 1108 in-

218 1154 337 1218 fossus
381 1154 497 1236 ltaque
519 1176 539 1220 a
562 1153 737 1219 Corinthiis
760 1158 793 1218 et
825 1154 858 1217 in
887 1153 1007 1218 fodinis
1029 1153 1150 1236 apertis
1173 1154 1259 1218 etin
1286 1153 1445 1218 cuniculis

216 1262 344 1344 lapides
367 1262 474 1328 aerosi
498 1264 648 1328 videntur
671 1263 781 1328 effossi
803 1282 882 1327 esse.

301 1372 421 1437 Iniuria
443 1377 554 1437 autern
577 1372 750 1453 Collignon
772 1372 928 1453 picturas,
951 1392 1034 1454 quas
1057 1373 1133 1450 dixi,
1156 1393 1222 1438 non
1247 1372 1290 1436 ad
1304 1373 1444 1450 metalla,

216 1483 275 1546 sed
298 1481 340 1547 ad
363 1482 503 1560 fodinas
527 1482 559 1546 in
583 1482 703 1564 quihus
724 1482 982 1563 argilla-effossa
1006 1482 1056 1560 sit,
1087 1482 1248 1564 pertinere
1271 1482 1445 1546 existimat.

216 1592 300 1656 Nam
329 1592 431 1656 latera
464 1591 625 1658 eiusmodi
648 1591 836 1656 l'odinarum
865 1591 929 1655 alia
951 1595 1028 1656 sunt
1049 1591 1155 1656 forma
1177 1591 1308 1674 alioque
1329 1591 1444 1654 hahitu

217 1705 317 1783 atque
339 1719 463 1779 earum,
486 1720 572 1784 quae
594 1700 627 1765 in
649 1700 778 1764 tabellis
801 1704 990 1778 occurrunt3
1028 1700 1144 1764 harum
1168 1701 1269 1768 latera
1291 1704 1368 1764 sunt
1390 1721 1444 1764 as·

217 1829 295 1892 pera
318 1816 350 1875 et
373 1809 548 1875 dilacerata
571 1813 671 1892 atque
693 1810 824 1891 saepius
857 1810 1008 1888 suffossa,
1042 1809 1171 1874 illarum
1207 1809 1317 1876 mollia
1339 1815 1371 1872 et
1390 1828 1444 1872 ae-

215 1919 335 2001 qualia.
375 1919 521 1997 Accedit,
545 1919 634 2002 quod
658 1919 772 2000 argilla
794 1939 862 1984 non
885 1919 1022 1996 malleis,
1045 1919 1103 1982 sed
1126 1918 1196 1984 aliis
1219 1917 1444 1982 instrumentis

214 2032 383 2093 tractatur.
436 2028 588 2093 Ceterum
611 2029 645 2093 in
676 2028 738 2092 illis
761 2028 888 2092 tabellis
911 2027 1052 2110 pictores
1075 2028 1207 2092 metalla
1229 2028 1365 2111 pingere
1387 2046 1445 2091 vo-

214 2136 314 2202 luisse
335 2142 404 2202 tam
427 2137 514 2202 clare
536 2138 651 2216 elucet,
673 2142 710 2200 ut
732 2157 798 2201 non
814 2136 1010 2217 intellegam,
1034 2155 1092 2200 cur
1106 2136 1313 2218 Collignon¹)
1329 2137 1445 2200 metal-

214 2246 294 2312 licos
317 2247 432 2311 dixerit
460 2252 619 2329 ,occupe's
643 2267 721 2311 sans
744 2246 843 2310 doute
863 2250 882 2309 a
905 2245 1042 2310 extraire
1065 2245 1187 2327 l’argile
1210 2245 1356 2310 destinae
1378 2245 1443 2308 atla

214 2355 409 2424 fabrication
432 2357 489 2420 des
512 2365 635 2421 vases.“
1037 2436 1041 2444 .

313 2466 385 2530 Hae
408 2465 554 2548 picturae
577 2465 696 2529 summi
720 2470 795 2529 sunt
817 2464 912 2546 pretii
935 2485 974 2529 ea
996 2485 1129 2546 quoque
1152 2466 1192 2529 de
1215 2485 1325 2544 causa,
1353 2463 1443 2546 quod

213 2575 252 2638 iis
275 2575 530 2639 luculentissime
554 2579 709 2657 apparet,
746 2573 835 2655 apud
859 2573 1053 2638 Corinthum
1080 2578 1177 2656 atque
1200 2575 1233 2638 in
1255 2573 1368 2638 vicinis
1391 2591 1443 2634 re·

214 2683 367 2764 gionihus
390 2683 487 2748 etiam
512 2683 715 2765 perantiquis
739 2683 941 2765 temporibus
965 2702 1020 2747 aes
1043 2683 1199 2747 effossum
1222 2701 1303 2746 esse.
1334 2681 1444 2762 Atque

214 2812 288 2856 cum
312 2796 410 2857 antea
432 2813 498 2856 non
523 2792 602 2856 satis
625 2796 726 2856 staret
739 2792 852 2874 opinio
866 2811 990 2870 eorum,
1014 2792 1070 2874 qui
1092 2791 1179 2856 idem
1202 2795 1335 2873 propter
1357 2791 1443 2855 aeris

215 2902 353 2982 vestigia
376 2902 407 2966 in
432 2901 599 2966 montibus
622 2906 751 2983 reperta
784 2907 813 2965 el
851 2906 985 2984 propter
1012 2901 1184 2982 copiosum
1207 2900 1443 2964 commercium

207 3030 349 3093 operum
384 3029 572 3089 aeneorum,
595 3009 685 3092 quod
708 3008 867 3073 Corinthii
891 3009 1071 3092 antiquitus
1093 3009 1268 3085 faciehant,
1302 3007 1442 3072 arbitra·

211 3119 343 3197 bantur,
373 3137 461 3183 nunc
484 3117 619 3182 detectis
644 3117 772 3183 tabellis
809 3117 1013 3200 repertisque
1044 3116 1319 3182 aMilchhoefero
1356 3116 1442 3179 anti·

213 3248 355 3309 quorum
378 3228 586 3292 metallorum
608 3228 752 3310 reliquiis
775 3248 826 3292 res
850 3227 985 3293 omnino
1008 3232 1106 3310 patet.

300 3336 540 3401 Praetermissis
561 3337 603 3401 ad
618 3342 750 3419 tempus
764 3337 961 3417 imaginibus
978 3336 1151 3401 tornacum
1165 3336 1259 3415 aeria,
1282 3335 1344 3400 hoc
1368 3336 1442 3400 loco

214 3446 368 3510 tabellam
403 3445 648 3510 memorabilem
672 3451 744 3523 891,
779 3465 865 3528 quae
897 3445 939 3510 ad
971 3451 1073 3510 artem
1106 3446 1189 3510 aeris
1212 3445 1359 3509 lusorum
1384 3449 1443 3509 aut

214 3555 298 3619 fabri
320 3554 435 3620 aerarii
458 3558 594 3635 spectat,
618 3555 857 3639 descripserim.
914 3554 1016 3619 Cuius
1038 3555 1071 3618 in
1094 3555 1196 3619 altero
1219 3555 1319 3619 latere
1340 3573 1443 3618 senex

213 3663 322 3728 nudus
346 3663 429 3728 albis
451 3663 568 3748 eapitis
591 3667 624 3728 et
645 3664 768 3728 barbae
791 3663 917 3746 capillis
939 3665 1092 3746 laqueam
1110 3663 1273 3728 ambabus
1289 3663 1443 3727 manibus

213 3771 384 3836 detrahere
406 3771 526 3838 studet.
575 3771 673 3838 Juxta
703 3793 778 3836 eum
801 3773 917 3838 mulier
939 3774 1031 3838 sedet
1052 3774 1150 3854 longo
1172 3773 1302 3838 chitone
1316 3771 1443 3851 induta,

212 3900 298 3962 quae
319 3881 425 3945 crines
448 3881 548 3946 hahet
569 3881 694 3948 breves.
744 3882 880 3964 Nigrum
918 3883 1086 3965 quoddam
1116 3886 1149 3946 et
1167 3881 1345 3946 rotundum
1369 3901 1443 3945 ma·

212 3988 309 4052 nihus
332 3993 430 4054 tenet.
474 3990 608 4055 Praeter
626 3990 708 4056 haec
730 3991 809 4055 nihil
833 3995 947 4056 exstat.
1005 3991 1090 4068 Quin
1113 3989 1162 4054 vir
1184 3990 1276 4056 folles
1298 3995 1442 4069 moveat,

214 4098 304 4180 quod
327 4099 515 4180 suspicatur
535 4099 788 4182 Furtwaengler‚
811 4121 878 4166 non
902 4099 1120 4165 dubitandum
1144 4104 1201 4164 est.
1259 4099 1368 4178 Quare
1391 4100 1443 4162 of-

213 4207 344 4271 ficinam
368 4213 423 4272 aut
447 4208 531 4273 aeris
554 4209 673 4274 fusoris
696 4214 753 4274 aut
774 4210 856 4274 fabri
881 4209 997 4273 aerarii
1021 4209 1240 4289 agnoscimus.
1271 4207 1445 4272 Mulierem

251 4353 279 4359 ..0
293 4354 411 4361 -..-.-..
433 4351 581 4362 .-h-b..
604 4357 611 4361 ,

299 4443 316 4513 ¹)
335 4444 421 4514 Rayet
439 4449 466 4498 et
485 4444 627 4512 Colignon,
647 4429 709 4498 hist.
728 4445 761 4497 de
779 4444 805 4497 la
824 4448 875 4497 cer.
894 4429 1088 4511 grecquepag.
1108 4443 1164 4496 147.
