3230 4942
784 226 901 308 33ι

189 371 298 452 dotes,
343 373 563 457 quamobrem
601 375 745 456 Neptuni
784 394 917 457 quoque
955 379 1056 456 caput
1091 374 1137 438 sio
1172 379 1325 439 ornatum
1361 379 1420 440 est.

188 481 338 569 Operarii
362 489 482 562 autem,
505 485 559 565 qui
583 485 670 566 apud
694 485 844 549 fornaces
868 489 924 548 aut
946 485 981 548 in
1006 483 1144 548 metallis
1168 483 1320 565 occupati
1333 488 1422 562 sunt,

189 592 379 673 plerumque
401 593 515 656 breves
538 598 637 675 atque
660 594 822 676 simplices
845 593 950 658 crines
974 593 1105 658 habent.

272 700 462 764 Simillirnus
486 706 534 766 est
557 702 689 766 habitus
713 702 906 783 capillorum
929 702 1112 766 mulierum.
1142 701 1289 779 Quarum
1305 721 1420 767 comae

188 809 295 871 taenia
319 811 494 874 conclusae
515 809 616 874 modo
640 810 827 891 simpliciter
851 830 908 892 per
931 811 1099 887 cervicem,
1123 811 1223 874 modo
1246 811 1278 873 in
1302 811 1419 874 anulos

174 916 313 980 divisae
344 918 376 981 in
407 919 562 983 humeros
596 920 773 1000 profluunt.
816 920 930 1001 Neque
961 920 1105 998 insignes
1143 919 1270 983 mediae
1303 920 1419 983 frontis

187 1026 291 1090 crines
322 1028 443 1092 frustra
478 1033 688 1110 quaeruntur.
734 1027 915 1109 Singularis
951 1033 1060 1093 autern
1096 1032 1248 1110 comptus
1278 1029 1418 1112 Amphi·

187 1134 281 1199 tritae
321 1136 353 1199 in
383 1137 449 1200 tab.
478 1137 589 1200 830A
618 1142 680 1214 est3
717 1137 821 1201 crines
849 1138 936 1201 enim
962 1137 1072 1202 taenia
1099 1137 1195 1201 cincti
1223 1137 1255 1201 in
1292 1138 1417 1202 cervice

186 1244 231 1306 ita
254 1246 404 1312 retroacti
432 1249 463 1310 et
486 1246 625 1326 colligati
650 1251 736 1325 sunt,
760 1251 794 1310 ut
817 1267 885 1310 non
908 1247 1015 1324 soluti,
1042 1247 1101 1310 sed
1124 1247 1157 1310 in
1180 1247 1321 1310 formam
1344 1266 1417 1312 sac-

186 1353 258 1432 culi,
283 1354 499 1436 dependeant.
686 1347 688 1352 ’
1225 1368 1227 1372 ’

269 1462 378 1544 Atque
412 1483 486 1526 raro
520 1463 599 1526 mihi
629 1463 764 1546 contigit
794 1468 829 1527 ut
861 1464 965 1528 crines
997 1464 1070 1528 illos
1104 1465 1213 1528 media
1243 1465 1277 1528 in
1307 1465 1416 1529 fronte

186 1571 359 1636 artificiose
381 1577 532 1654 comptos
556 1573 588 1636 in
612 1573 847 1652 monumentis
876 1593 960 1655 quae
982 1578 1073 1637 extra
1097 1578 1200 1638 artem
1231 1573 1416 1639 Corinthia-

186 1699 259 1743 cam
283 1685 354 1744 orta
383 1686 477 1758 sunt,
505 1683 694 1746 invenirem.
740 1681 1071 1747 Commemoraverim
1103 1686 1213 1747 autem
1247 1683 1311 1748 hoc
1342 1684 1414 1748 loco

185 1790 345 1854 nonnulla
379 1810 461 1854 vasa
483 1790 662 1872 Cyrenaica
686 1791 739 1874 (cf.
763 1792 848 1857 Mon.
872 1791 903 1855 d.
927 1793 952 1857 J.
976 1793 1002 1871 l,
1030 1794 1061 1874 7)
1089 1797 1121 1856 et
1148 1792 1304 1857 laminam
1326 1793 1415 1857 illam

187 1897 372 1962 Cretensem
396 1919 435 1962 ex
458 1919 532 1964 aere
546 1900 666 1964 laetam
687 1901 784 1983 (Anu.
801 1900 832 1963 d.
847 1901 874 1964 J.
892 1905 974 1964 1880
986 1904 1051 1964 lav.
1066 1902 1171 1983 d’agg.
1179 1901 1221 1984 T)
1242 1907 1416 1983 propterea

185 2005 276 2087 quod
289 2006 322 2070 in
339 2007 390 2070 his
410 2008 632 2071 monumentis
647 2009 763 2072 frontis
777 2009 946 2072 cincinnus
960 2013 1107 2090 apparet.
1151 2010 1292 2074 Maxime
1305 2014 1415 2075 autern

185 2116 398 2180 memorabile
431 2120 480 2180 est
512 2117 756 2181 Corinthiacum
791 2117 880 2180 illum
913 2117 1106 2199 capillorum
1137 2119 1286 2182 habiturn
1309 2119 1342 2183 in
1365 2119 1414 2197 iis,

185 2245 271 2307 quae
302 2225 382 2304 dixi,
414 2227 636 2290 monumentis
663 2227 823 2310 conspici,
857 2227 1097 2308 quaeratione
1127 2232 1159 2291 et
1187 2247 1304 2309 genere
1335 2229 1413 2294 artis

184 2334 267 2397 inter
290 2353 325 2397 se
346 2335 533 2416 propinqua
556 2355 627 2399 esse
650 2336 715 2399 iam
739 2335 864 2400 dudum
887 2336 1053 2418 cognitum
1073 2341 1153 2402 erat.
1195 2339 1305 2420 Atque
1320 2338 1410 2402 haud

184 2443 251 2506 scio
286 2463 327 2507 an
356 2444 514 2525 suspicari
546 2445 640 2508 liceat
677 2446 763 2508 hunc
788 2445 937 2508 habitum
960 2446 1152 2528 capillorum
1176 2466 1243 2510 non
1267 2447 1413 2511 Corinthi

120 2573 122 2578 ·
183 2552 340 2634 originem
375 2553 541 2630 habuisse,
582 2573 655 2616 cum
692 2553 788 2616 alieni
818 2554 998 2635 quidquam
1031 2573 1051 2618 a
1080 2555 1205 2620 Graeco
1229 2575 1320 2619 more
1354 2557 1413 2620 ha-

182 2662 259 2726 here
281 2652 439 2728 videatur.

267 2771 390 2836 Rarum
415 2773 606 2853 capillorum
629 2777 798 2854 comptum
821 2777 995 2837 venatores
1019 2773 1051 2835 in
1074 2773 1139 2836 tab.
1161 2779 1221 2836 894
1236 2775 1265 2837 A
1281 2779 1411 2854 gerunt3

183 2879 287 2950 tribus
318 2882 404 2945 enim
438 2883 553 2947 taeniis
586 2884 627 2946 ad
665 2883 805 2946 libellam
842 2883 957 2964 aequis
990 2883 1023 2946 in
1059 2882 1181 2946 cervice
1204 2885 1409 2948 cohibentur.

184 2991 341 3054 Conleras
376 2991 471 3056 velini
506 2977 704 3056 simillimam
740 2991 890 3074 pertendi
927 2993 1032 3056 crines
1064 2992 1225 3057 rationem
1256 2993 1408 3071 mulieris,

183 3118 268 3181 quae
303 3100 336 3163 in
370 3099 505 3166 thorace
536 3101 590 3164 illo
623 3102 654 3164 in
690 3101 816 3182 Alpheo
848 3106 977 3182 reperto
1001 3102 1188 3183 apparet.¹)

266 3210 314 3273 De
327 3210 432 3275 barba
455 3229 520 3274 non
545 3211 650 3274 multa
675 3211 814 3275 dicenda
828 3216 915 3286 sunt;
938 3211 1096 3293 incipiens
1120 3231 1139 3274 a
1158 3212 1273 3293 capitis
1287 3211 1410 3292 capillis

181 3323 213 3382 et
230 3319 411 3383 secundum
434 3338 529 3383 aures
552 3339 610 3401 per
630 3319 778 3384 maxillas
800 3339 939 3400 pergens
963 3319 1218 3400 prominensque
1240 3321 1273 3382 in
1296 3325 1407 3383 mento

129 3419 133 3427 ’
181 3427 215 3490 in
249 3433 383 3492 acutum
417 3428 545 3492 desinit.
590 3429 774 3511 Superioris
810 3429 892 3494 labri
926 3448 1059 3511 quoque
1089 3428 1194 3492 barba
1221 3430 1328 3492 brevis
1356 3429 1408 3492 hic

183 3541 281 3618 atque
315 3537 377 3602 illic
407 3538 440 3601 in
466 3538 592 3602 tabellis
620 3537 762 3613 videtum
789 3538 820 3601 in
848 3539 914 3603 tab.
939 3543 998 3600 672
1023 3538 1115 3601 lineis
1149 3538 1259 3601 incisis
1282 3538 1407 3618 signiti-

182 3649 284 3709 catur.
328 3647 433 3710 Etiam
458 3647 490 3710 in
512 3647 679 3711 nonnullis
702 3647 772 3710 aliis
797 3647 923 3712 tabellis
945 3646 997 3728 (ol.
1022 3647 1089 3710 tab.
1118 3653 1192 3730 368,
1223 3647 1312 3728 486),
1344 3646 1406 3710 nisi

181 3754 268 3819 oculi
296 3775 347 3820 me
369 3756 514 3820 frustrati
537 3762 626 3834 sunt,
656 3757 828 3838 Neptunus
850 3757 989 3820 barbam
1011 3756 1189 3838 superioris
1212 3757 1293 3821 labri
1314 3757 1405 3838 gerit.

181 3864 246 3928 Sed
278 3865 311 3928 in
347 3866 494 3947 plurimis
536 3866 680 3929 virorum
706 3866 819 3948 figuris
847 3867 927 3930 haec
958 3866 1062 3931 barba
1085 3865 1301 3945 desideratur,
1338 3886 1405 3948 quo

181 3975 425 4040 demonstratur
457 3995 529 4039 eam
559 3975 596 4039 iis
629 3975 847 4057 temporibus
880 3977 923 4039 ad
950 3995 1035 4056 quae
1062 3976 1201 4039 tabellae
1233 3976 1404 4056 pertinent,

181 4085 270 4166 apud
293 4083 479 4148 Corinthios
501 4104 568 4149 non
592 4086 636 4148 ila
659 4085 814 4148 usitatam
837 4083 944 4148 l'uisse.

267 4304 284 4354 'l
302 4321 325 4358 v.
345 4305 414 4358 Bull.
432 4306 465 4358 de
483 4321 551 4358 corr.
569 4305 632 4358 hell,
652 4301 725 4365 leat,
753 4303 807 4356 lab.
826 4303 858 4356 ll.
894 4302 982 4355 Etiam
1009 4303 1107 4355 frontis
1131 4302 1276 4355 cincinnus
1299 4300 1327 4356 in
1353 4303 1405 4354 hoc

180 4402 360 4449 monumento
378 4397 503 4450 occurrit.
