3230 4942
747 265 781 320 31

667 343 866 350 --.———--—-—-

147 418 287 483 tabellae
310 421 370 479 865
393 415 423 478 A
445 419 513 479 tam
536 413 657 477 similes
680 418 766 492 sunt,
789 419 825 478 ut
848 413 990 478 dubitari
1015 433 1083 476 non
1106 413 1222 494 possit,
1246 415 1325 496 quin
1347 414 1379 476 in

148 529 211 592 hac
243 544 376 608 quoque
408 522 734 606 praestigiatores
770 522 887 604 depicti
919 521 993 585 sint.
1038 521 1085 585 llo
1108 526 1236 586 tantum
1261 521 1381 586 diversi

149 641 239 715 sunt,
263 635 353 717 quod
376 633 517 697 invasis
539 632 666 713 pictura
689 632 737 695 vir
760 651 909 713 parmam
932 631 1031 710 gerit,
1055 633 1088 694 in
1111 630 1232 694 tabella
1251 651 1380 712 penem,

149 749 186 808 ut
207 744 344 818 videtur,
366 742 520 806 manibus
542 745 639 805 tenet.

197 845 198 848 '
234 852 348 933 Neque
370 850 488 915 tabella
514 856 572 912 783
597 848 835 931 praetereunda
859 853 917 912 est.
963 847 1062 911 Cuius
1092 847 1177 911 latus
1206 848 1379 912 adversum

14 947 17 970 ³
111 991 112 995 ¹
149 963 236 1026 linea
267 961 299 1024 in
328 961 410 1026 duas
441 965 549 1040 partes
584 959 752 1035 dividitur,
792 977 931 1039 quarum
959 957 990 1020 iu
1020 957 1189 1039 superiore
1218 957 1284 1020 duo
1324 957 1382 1020 viri

15 1149 18 1156 ,
126 1065 398 1152 'conspiciuntur
432 1069 513 1132 alter
549 1069 639 1132 alteri
676 1067 811 1131 brachia
857 1067 1069 1148 porrigentes.
1090 1067 1114 1150 ¹)
1173 1067 1264 1143 Quos
1307 1087 1382 1130 cum

152 1179 395 1261 Furtivaengler
407 1178 534 1258 pugiles
556 1198 627 1241 esse
650 1197 710 1240 suo
735 1177 802 1238 iure
822 1176 1049 1253 existimasset,
1068 1195 1173 1257 nuper
1185 1176 1342 1240 Fraenkel
1355 1177 1381 1258 ¹)

152 1289 321 1354 contendit
345 1308 401 1352 eos
430 1308 497 1351 non
525 1308 596 1350 esse
618 1287 762 1368 pugi‘eS‚
802 1285 859 1348 sed
886 1287 971 1349 viros
995 1287 1049 1368 qui
1072 1305 1179 1349 messe
1202 1287 1314 1367 opime
1335 1286 1380 1368 (in

154 1397 304 1462 inferiore
334 1402 426 1478 parte
463 1396 605 1478 depicta)
634 1397 843 1463 laetarentur.
888 1397 953 1459 Sed
974 1395 1057 1458 haec
1080 1393 1191 1475 opinio
1215 1414 1281 1458 non
1304 1415 1382 1475 pro·

151 1505 269 1570 habilis
292 1510 351 1568 est.
375 1543 415 1549 -
438 1505 474 1568 ln
498 1509 590 1585 parte
611 1506 763 1570 interiore
785 1507 851 1570 duo
874 1505 933 1569 viri
953 1504 1027 1568 uvis
1041 1503 1213 1584 carpendis
1231 1504 1381 1602 occupati

130 1619 238 1678 sunt.
285 1615 373 1677 Alter
401 1633 531 1678 saccum
561 1615 627 1678 iam
651 1615 792 1696 refersit,
827 1617 907 1681 alter
929 1614 1037 1693 fruges
1061 1613 1092 1675 in
1116 1612 1214 1676 alium
1239 1632 1382 1691 succum,
1496 1695 1498 1698 .

153 1723 209 1804 qui
252 1743 351 1803 supra
394 1743 434 1786 ne
461 1724 492 1786 in
521 1724 628 1787 solum
658 1724 755 1789 cadat
789 1725 938 1805 alligatus
972 1727 1034 1799 est,
1074 1721 1198 1802 ingerit.
1242 1722 1334 1786 Sacci
1366 1743 1383 1785 e
1452 1773 1453 1776 ,

153 1832 284 1895 duobus
316 1829 453 1912 pellibus
486 1824 613 1896 consuti
644 1837 720 1896 sunt
752 1853 791 1897 ea
823 1833 964 1911 ratione,
1006 1836 1041 1894 ut
1067 1830 1150 1895 intra
1178 1831 1209 1894 in
1240 1831 1383 1912 speciem

154 1940 280 2003 caudae
310 1938 493 2004 hirundinis
524 1940 689 2017 desinant;
723 1943 920 2006 anteriorum
940 1942 1060 2022 pedum
1086 1940 1178 2022 pollis
1201 1944 1315 2004 sutura
1337 1940 1382 2002 ita

155 2048 331 2112 coniuncta
353 2047 585 2128 videturesse,
608 2055 645 2113 ut
666 2071 766 2116 ansas
789 2052 946 2133 praebeat
967 2049 1104 2113 habiles

238 2156 403 2220 Mentione
439 2177 507 2221 non
540 2158 674 2240 indigna
708 2163 757 2223 est
783 2159 910 2242 pictura
937 2159 1078 2223 tabellae
1101 2163 1160 2220 839
1185 2159 1227 2235 Β,
1260 2157 1293 2220 in
1316 2177 1383 2238 qua

153 2285 311 2345 magnum
334 2271 432 2346 caput
454 2267 612 2330 muliebre
633 2267 726 2331 lineis
749 2273 876 2332 tantum
900 2268 1099 2349 descriptum
1122 2267 1235 2330 cernis.

239 2375 273 2438 ln
291 2375 431 2439 tabellae
454 2381 510 2438 901
536 2376 565 2438 Α
588 2375 715 2458 pictura
737 2378 982 2458 Furtwaengler
996 2377 1192 2458 sculptorem
1214 2377 1379 2458 depictum

155 2502 226 2546 esse
256 2483 418 2566 opinatur.
468 2483 573 2561 Quam
609 2477 912 2566 interpretationem
944 2505 1052 2568 neque
1088 2485 1223 2549 omnino
1259 2485 1381 2566 proba·

154 2593 265 2672 verim,
293 2613 400 2675 neque
427 2593 691 2675 improbaverim.
737 2595 801 2658 Sed
825 2615 898 2658 cum
922 2615 961 2658 eo
985 2595 1241 2676 comparaverim
1265 2593 1381 2672 virum,

155 2703 267 2783 quiin
291 2721 368 2766 vase
391 2702 510 2784 Cyprio
534 2703 566 2766 in
594 2703 723 2779 „Jahrn
739 2703 796 2767 des
820 2705 906 2768 arch.
922 2705 1017 2768 lnst.“
1037 2709 1116 2766 1886
1130 2704 1230 2767 rano
1253 2703 1382 2784 depicto

156 2815 301 2890 apparet.
346 2811 403 2874 Ille
425 2814 551 2876 statura
581 2811 758 2890 ethanim,
783 2813 863 2893 viro,
887 2833 984 2895 quem
1007 2813 1251 2894 Furtwaengler
1273 2813 1383 2894 sculp-

156 2921 259 2981 torem
284 2937 356 2981 esse
377 2923 483 3002 putat,
511 2939 670 3000 perquam
695 2920 808 2984 similis
832 2926 889 2986 est.
1005 2941 1007 2945 ·

241 3026 397 3090 'fabellae
434 3047 567 3110 quoque
604 3034 664 3090 784
696 3029 838 3110 pictura,
873 3030 905 3092 in
934 3050 1000 3114 qua
1029 3031 1138 3096 tabula
1167 3030 1207 3093 de
1237 3030 1331 3112 vulpe
1353 3033 1385 3093 et

157 3155 256 3199 corvo
273 3135 469 3202 adumbrata
485 3142 543 3216 est,
567 3138 710 3202 maxime
731 3143 781 3202 est
803 3139 1033 3204 memorabilis,
1079 3139 1233 3202 Videmus
1257 3139 1382 3202 arboris

157 3244 319 3308 demissos
342 3265 452 3310 ramos
476 3252 506 3309 et
529 3247 612 3310 inira
631 3247 763 3326 vulpem
777 3267 908 3311 sursum
923 3248 1142 3330 spectantem3
1166 3248 1254 3312 corvi
1273 3253 1382 3311 autem

157 3353 261 3433 figura
292 3353 398 3418 deleta
429 3360 487 3418 est.
541 3355 630 3419 Haec
658 3355 768 3436 imago
800 3355 908 3421 adhuc
931 3356 1159 3438 antiquissima
1183 3360 1232 3420 est
1254 3355 1384 3420 fabulae

157 3461 300 3526 Graecae
322 3463 505 3528 illustratio.
1058 3475 1061 3480 '

240 3572 355 3636 Restat
376 3577 413 3636 ut
435 3573 476 3636 de
499 3573 627 3638 duabus
649 3573 720 3637 aliis
743 3573 870 3638 tabellis
892 3594 999 3656 pauca
1022 3573 1153 3638 addam.
1200 3573 1234 3636 ln
1258 3573 1382 3637 tabella

158 3685 217 3742 889
254 3681 284 3743 Α
316 3680 530 3745 describenda
561 3682 805 3764 Furtivaengler
835 3683 918 3746 infra
950 3683 1054 3745 virum
1093 3682 1218 3746 nudum
1251 3683 1384 3746 brachia

157 3789 378 3870 porrigentem
402 3791 583 3872 compluria
604 3791 774 3854 hominum
800 3791 908 3872 capita
931 3791 1091 3854 delineata
1114 3811 1181 3854 non
1213 3791 1302 3854 vidit.
1347 3791 1387 3854 Et

159 3896 191 3960 in
228 3898 320 3960 laevo
353 3903 383 3962 et
414 3898 445 3961 in
481 3899 614 3962 dextero
647 3900 746 3964 late-re
779 3900 842 3962 sub
875 3899 1012 3980 genibus
1042 3899 1120 3962 bina
1143 3899 1252 3980 capita
1277 3899 1384 3962 taenia

244 4275 264 4343 ¹)
282 4277 431 4331 Nummum
449 4277 657 4331 Corinthiacum
685 4278 713 4330 in
738 4278 970 4347 comparationem
1001 4294 1077 4342 voco,
1107 4277 1154 4346 qui
1176 4277 1204 4330 in
1221 4277 1316 4330 tourn.
1351 4275 1388 4328 oi.

159 4365 229 4423 Hell.
247 4371 318 4422 stud.
335 4369 389 4424 tab.
407 4371 437 4422 51
460 4371 521 4430 042
539 4371 660 4439 depictus
678 4377 726 4424 est.

244 4462 264 4528 ⁹)
282 4462 314 4516 cf.
333 4463 396 4516 Ant.
414 4465 528 4516 Denlrm.
548 4466 599 4518 vol.
618 4467 640 4519 l.
656 4483 716 4532 pag.
735 4467 758 4518 l.
