3230 4942
792 240 897 351 ⁷4...

270 413 425 478 'fabellae
447 414 586 480 formam
611 413 733 478 habent
762 413 1039 495 quadrangulam,
1069 412 1263 493 plerumque
1294 411 1410 474 oblon-

184 546 268 607 gam,
291 523 396 588 rarius
420 521 631 604 quadratanr;
654 523 830 604 pleraeque
853 523 980 604 planae,
1004 537 1131 603 paucae
1154 523 1309 584 curvatae
1328 522 1413 584 sunt.

184 632 331 698 Altitudo
344 636 377 696 et
391 631 529 696 latitudo
552 651 674 708 earnm,
695 635 731 696 ut
753 635 830 694 sunt
844 631 982 694 maiores
995 630 1189 708 minoresve,
1213 628 1297 692 inter
1308 632 1412 690 5—30

184 763 244 806 cm.
268 742 388 816 variat;
411 740 594 804 crassitudo
616 745 759 819 aloem.
783 761 850 804 non
873 739 1116 820 transgreditur.

268 851 392 916 Partim
415 870 529 928 unum,
560 849 679 932 partim
702 855 879 931 utrumque
909 849 996 914 latus
1019 848 1151 930 picturis
1176 851 1329 911 ornatum
1353 849 1412 909 est.

184 963 266 1026 Cum
290 961 324 1024 in
346 980 413 1024 nno
437 961 546 1040 imago
563 965 709 1041 apparet,
733 979 810 1042 pars
826 959 995 1042 angustior
1017 963 1075 1022 aut
1088 978 1164 1038 pars
1187 957 1292 1033 latior,
1315 960 1414 1037 prout

183 1069 408 1151 magnitudine
431 1069 586 1150 poscitur,
610 1069 760 1151 superior
781 1073 844 1144 est;
868 1087 943 1132 cum
966 1067 1068 1145 aliter,
1094 1066 1285 1148 saepissime
1307 1065 1353 1143 fit,
1376 1069 1414 1128 ut

183 1180 292 1260 imago
316 1178 348 1242 in
372 1179 475 1244 altero
498 1179 598 1244 latere
622 1197 679 1258 per
701 1177 917 1251 altitudinem,
941 1177 974 1240 in
998 1178 1100 1242 altero
1123 1196 1181 1257 per
1203 1173 1411 1238 latitudinem

183 1288 322 1352 tabellae
343 1286 537 1370 porrigatur.

268 1396 424 1461 'fabellae
446 1395 662 1460 foraminibus
685 1396 863 1460 instructae
896 1399 982 1460 sunt.
1040 1395 1132 1471 Quae
1160 1395 1411 1458 terebrabantur

186 1525 243 1587 per
265 1505 414 1586 argillam
437 1504 549 1581 modo,
573 1504 652 1568 dum
675 1504 782 1568 mollis
805 1484 886 1582 erat,
909 1503 999 1585 quod
1015 1523 1032 1567 e
1050 1503 1254 1583 marginibus
1277 1502 1411 1566 forami·

184 1635 263 1678 num
290 1613 426 1695 turgidis
450 1613 666 1696 cognoscitur,
690 1613 791 1678 modo
813 1633 888 1680 cum
912 1613 977 1678 iam
999 1613 1122 1678 siccata
1140 1612 1189 1675 vel
1204 1615 1298 1676 cocta
1316 1615 1411 1688 esset,

184 1723 242 1788 sed
266 1728 342 1788 ante
365 1723 526 1806 picturam
547 1721 755 1804 descriptam,
766 1723 789 1804 ¹)
810 1723 912 1787 modo
927 1727 1002 1804 post
1028 1722 1206 1802 imaginem
1233 1721 1411 1803 perfectam

184 1837 283 1914 atque
306 1831 338 1895 id
363 1831 495 1914 quidem
515 1851 755 1914 nonnunquam
778 1831 844 1910 ita,
876 1837 912 1896 ut
936 1833 1073 1913 figurae,
1095 1832 1187 1912 ipsae
1210 1849 1411 1912 magnopere

184 1941 250 2005 sint
270 1942 388 2006 laesae.
418 1939 510 2017 Quae
524 1941 686 2004 foramina
709 1945 823 2024 (unum
840 1944 897 2004 aut
918 1940 1025 2021 plural
1048 1940 1237 2020 saepissime
1252 1939 1285 2002 in
1303 1938 1411 2002 media
1454 2013 1455 2017 Ἰ

184 2053 276 2131 parte
299 2049 466 2132 superiore
488 2053 565 2114 sunt
586 2049 637 2112 vel
659 2049 692 2112 in
716 2068 783 2113 uno
798 2048 848 2114 vel
873 2049 905 2112 in
929 2053 1069 2131 utroque
1091 2049 1212 2129 angulo
1232 2047 1409 2130 superiore,

184 2159 288 2224 rarius
312 2159 345 2222 in
368 2163 525 2240 quattuor
547 2159 675 2240 angulis
698 2163 755 2222 aut
778 2159 811 2221 in
835 2164 927 2240 parte
947 2159 1105 2222 inferiore.
1142 2157 1177 2222 ln
1200 2157 1329 2222 tabellis
1351 2178 1410 2223 an·

184 2271 250 2332 tem
277 2268 440 2350 utrimque
463 2268 625 2332 decoratis
648 2288 724 2348 pars
748 2267 898 2350 superior
928 2267 998 2332 eins
1032 2267 1140 2332 lateris
1164 2268 1330 2350 perforata
1352 2271 1410 2345 est,

148 2397 150 2402 ¹
185 2378 274 2459 qnod
298 2377 424 2458 insigne
447 2397 519 2441 esse
550 2377 665 2440 artifex
688 2377 798 2442 voluit.
856 2377 1036 2442 Rarissime
1069 2396 1182 2458 margo
1212 2377 1325 2442 dexter
1353 2382 1411 2442 aut

185 2488 307 2564 lacuna,
347 2507 422 2551 cum
458 2482 605 2568 picturae
639 2487 803 2569 utrimque
838 2506 944 2568 aeque
976 2487 1117 2550 directae
1149 2492 1240 2564 sunt,
1276 2487 1409 2552 forami-

185 2615 229 2659 na
251 2596 360 2660 habet.

229 2747 231 2750 -
269 2705 338 2770 lam
363 2705 539 2786 quaeritur,
562 2709 672 2769 utrum
695 2705 835 2770 tabellae
857 2707 956 2770 clavis
967 2706 1084 2772 affixae
1107 2726 1150 2771 an
1162 2705 1313 2770 funiculis
1337 2726 1409 2770 sus·

185 2833 307 2893 pensae
329 2813 457 2879 fuerint.
493 2801 577 2878 ¹Sine
592 2813 693 2890 dubio
711 2833 771 2895 per
786 2814 948 2900 foramina
967 2835 1091 2892 earnm,
1114 2835 1199 2896 qnae
1218 2815 1251 2878 in
1269 2819 1408 2897 utroque

184 2924 285 2987 latere
315 2923 475 3005 picturam
509 2923 680 3004 praebent,
715 2923 848 2988 funiculi
881 2925 1195 2988 transmittebantur.
1247 2925 1338 2988 Idem
1367 2925 1409 2989 de

185 3031 298 3094 ceteris
320 3031 449 3095 tabellis
472 3030 676 3110 crediderim,
704 3017 783 3096 ¹curn
818 3033 1010 3114 plerumque
1042 3033 1204 3098 foramina
1227 3051 1339 3098 earum
1363 3033 1408 3098 ita

185 3141 345 3220 disposita
369 3141 442 3218 sint,
473 3145 510 3204 ut
536 3141 741 3206 verisimilius
775 3161 846 3205 esse
871 3141 1019 3206 videatur
1053 3161 1109 3206 eas
1129 3143 1276 3224 alligatas
1299 3143 1407 3207 fnisse.

184 3251 232 3314 Ac
255 3270 296 3315 ne
318 3253 475 3332 quattuor
497 3251 629 3332 quidem
665 3251 881 3316 foraminibus
917 3273 974 3334 per
997 3253 1136 3334 angulos
1159 3253 1329 3317 terebratis
1352 3253 1408 3316 de·

184 3363 386 3424 monstratur
409 3360 519 3424 clavos
542 3360 643 3425 fuisse
666 3359 842 3439 adhibitos,
867 3361 945 3442 qnia
957 3366 1113 3443 quattuor
1126 3361 1289 3426 foramina
1311 3363 1409 3427 etiam

230 3534 257 3538 .-..
270 3533 421 3540 ,.,.-.-.-..
426 3534 472 3538 ..u-
478 3533 512 3539 .-.ω
519 3533 579 3540 „w

74 3683 76 3692 ,
183 3632 233 3684 329
250 3646 314 3699 sqq;
333 3632 362 3684 Ρ.
381 3633 403 3685 J.
422 3631 649 3700 Meyer.-Hugo
668 3632 822 3695 Bluemner,
840 3631 940 3684 Techn.
958 3648 984 3685 u.
996 3632 1086 3685 Term.
1105 3633 1151 3685 der
1170 3633 1242 3686 Gew,
1260 3650 1284 3685 u.
1304 3633 1410 3686 Ktinste

146 3721 148 3726 '
185 3723 228 3777 bei
246 3723 380 3778 Griechen
399 3741 424 3778 u.
437 3726 558 3778 Romam
577 3725 629 3778 vol.
647 3725 682 3777 lV
701 3741 762 3792 pag.
777 3723 827 3776 203
845 3741 905 3792 sqq.
940 3753 955 3760 -
974 3725 1055 3778 Arclr.
1073 3725 1155 3792 epigr.
1174 3725 1240 3778 Mitt.
1258 3742 1308 3778 aus
1320 3714 1409 3778 Oster-

183 3817 256 3870 reielr
276 3811 312 3870 XI
330 3834 390 3886 pag.
408 3817 472 3876 205:
490 3818 577 3870 Klein.
598 3847 628 3856 -
646 3817 825 3881 Baumeisler,
844 3817 959 3870 Denkm.
978 3817 1025 3870 des
1044 3818 1123 3870 klass
1145 3819 1238 3871 Allert.
1257 3835 1277 3870 s.
1297 3835 1320 3870 v.
1333 3818 1407 3880 ,See-

184 3913 310 3974 wesen“;,
333 3911 480 3964 Assmann.
505 3942 541 3949 —-
564 3909 696 3974 Boehlau,
723 3915 827 3978 quaest.
854 3911 888 3963 de
911 3926 939 3963 re
958 3909 1086 3964 vestiaria
1106 3911 1279 3964 Graecorum.
1297 3928 1356 3979 pag.
1376 3909 1409 3964 33

182 4009 209 4056 et
226 4003 266 4056 68.
288 4033 317 4039 -
335 4003 374 4056 De
392 4001 619 4071 inscriptionibus
637 4003 812 4057 tabellarum:
831 4002 925 4066 ltoehl,
944 4003 1023 4056 inser.
1040 4020 1078 4070 gr.
1098 4011 1153 4056 ant.
1173 4003 1272 4056 188211
1297 4004 1331 4056 20
1347 4021 1409 4072 pag.

182 4095 278 4162 bsqq3
306 4096 338 4148 ci.
355 4095 423 4148 Add.
452 4123 483 4132 -
519 4095 614 4158 Cauer,
633 4096 684 4148 del.
702 4095 782 4149 inser.
802 4113 827 4148 n.
846 4097 875 4148 81
891 4118 959 4155 1-m.
986 4128 1017 4134 -
1045 4095 1145 4158 Gallim,
1172 4097 1283 4150 Samml.
1303 4096 1350 4149 der
1368 4113 1407 4164 gr.

182 4186 390 4240 Dialectinschr.
408 4187 453 4250 ΙΙΙ,
475 4186 630 4250 mlta-m
657 4187 743 4240 Blass.
773 4217 805 4224 -
831 4188 926 4252 Arndt,
945 4189 1019 4242 Stud.
1037 4205 1084 4241 zur
1101 4187 1236 4250 Vskunde‚
1254 4203 1314 4255 pag.
1332 4188 1406 4240 5-7.

181 4307 215 4314 -
233 4277 320 4342 Klein,
338 4278 608 4345 Meister-signaturen
628 4295 688 4347 pag.
708 4279 747 4343 15,
765 4280 799 4332 28
817 4297 858 4348 sq.

266 4368 286 4436 ¹)
306 4369 518 4423 (tonsores-tab.
537 4370 596 4434 764,
619 4371 648 4424 in
676 4387 731 4438 qua
758 4371 844 4438 pictor
870 4371 1037 4425 foraminum
1067 4372 1205 4439 margines
1232 4371 1311 4438 nigra
1334 4371 1406 4423 linea

180 4461 402 4530 circumscripsit.
