3230 4942
748 261 838 343 -.li

209 412 308 490 atque
331 427 450 489 corpus
473 407 655 471 humanum
693 408 726 470 in
749 408 848 489 piscis
869 409 1009 473 caudam
1032 408 1141 490 pinnis
1164 409 1357 474 instructam
1380 409 1437 472 de-

211 516 298 580 sinit.
343 517 457 597 Aeque
478 515 701 580 memorabilis
724 515 796 580 eius
817 517 926 596 imago
949 517 983 582 in
998 517 1064 583 tab.
1077 522 1134 580 781
1159 521 1220 598 est;
1243 517 1335 582 vides
1350 517 1436 581 enirn

210 624 365 707 reliquias
387 624 534 703 iacentis
558 629 595 688 ut
617 624 755 702 videtur,
777 625 846 704 viri,
870 626 925 708 qui
947 626 1048 690 habet
1069 645 1190 708 corpus
1207 626 1354 708 squamis
1378 627 1438 690 ob·

210 734 356 798 ductum.

293 842 366 906 Non
390 842 591 906 omittendus
614 846 664 905 est
686 843 750 906 boc
773 843 844 906 loco
867 841 1056 920 Melicertes,
1081 843 1135 923 qui
1158 843 1247 907 brevi
1261 843 1373 908 tunica
1387 843 1437 908 in·

211 952 309 1015 dutus
333 957 433 1032 atque
447 951 479 1014 in
503 951 658 1032 delphino
672 951 790 1015 sedens
813 952 845 1014 in
861 951 926 1017 tab.
950 958 1020 1030 779,
1045 958 1105 1016 914
1115 952 1154 1018 Α.
1177 957 1323 1034 apparet.
1347 952 1437 1016 Idem

211 1067 309 1144 typus
349 1062 383 1124 in
423 1061 566 1125 nummis
607 1061 826 1124 Corinthiacis
868 1061 1096 1126 Romanorum
1136 1062 1339 1143 temporibus
1380 1081 1438 1125 cu-

212 1170 256 1233 sis
280 1173 395 1234 exstat.

293 1279 380 1343 Inter
401 1280 492 1356 deoS,
516 1279 571 1360 qui
594 1298 685 1344 mare
708 1278 866 1358 obtinent,
895 1278 947 1342 ille
974 1299 1106 1360 quoque
1130 1280 1352 1344 numerandus
1375 1284 1434 1357 est,

210 1407 309 1470 quem
332 1388 439 1472 capite
460 1387 626 1470 privatum
657 1388 691 1451 in
727 1389 792 1452 tab.
819 1393 879 1451 780
906 1387 1066 1462 videmus;
1104 1388 1212 1452 nudus
1242 1392 1274 1452 et
1302 1388 1438 1452 dextera

207 1497 380 1560 tridentem
404 1496 535 1561 vibrans
558 1497 591 1559 in
614 1496 721 1561 bestia
743 1496 894 1562 fabulosa
917 1496 1018 1574 sedet,
1042 1516 1127 1577 quae
1141 1496 1293 1560 draconis
1316 1517 1436 1580 corpus

208 1610 239 1669 et
261 1611 361 1688 caput
383 1605 474 1670 canis
498 1605 642 1669 distenso
665 1605 748 1670 rictu
771 1611 870 1686 atque
892 1605 973 1669 hirci
994 1605 1132 1672 barbam
1165 1605 1274 1672 habet.
1328 1605 1437 1683 Quam

207 1715 346 1778 barbam
369 1715 421 1778 ille
445 1733 545 1778 manu
564 1734 631 1778 non
653 1718 751 1794 tenet,
787 1719 822 1778 ut
849 1714 1096 1794 Furtwaengler
1127 1717 1229 1796 putat,
1268 1733 1341 1780 cum
1375 1734 1436 1792 res,

208 1843 308 1904 quam
330 1842 433 1887 manu
455 1799 691 1902 circumcludit,
729 1823 875 1888 abarba
897 1823 1032 1887 omnino
1052 1825 1206 1903 separata
1229 1823 1279 1888 sit.
1337 1822 1436 1905 Equi-

208 1933 283 1996 dem
313 1932 538 1996 Milcbboeieri
574 1931 721 2013 opinioni
757 1931 879 2013 publici
912 1931 989 1995 iuris
1024 1951 1092 1996 non
1123 1931 1229 1995 factae
1264 1931 1437 2010 assentior,

208 2042 260 2104 cui
282 2041 336 2106 illa
360 2041 487 2105 concha
509 2040 637 2105 videtur
659 2060 741 2105 esse.
797 2041 895 2118 Quod
926 2059 1003 2104 vero
1040 2059 1160 2104 nomen
1192 2040 1261 2104 viro
1290 2040 1437 2104 dandum

207 2150 258 2229 sit,
289 2151 398 2216 adhuc
429 2151 538 2214 minus
560 2155 699 2215 constat.
758 2149 1003 2232 Furtwaengler
1024 2169 1100 2214 eum
1131 2170 1198 2214 non
1226 2149 1296 2214 sine
1318 2169 1439 2230 magna

208 2259 414 2324 dubitatione
435 2259 631 2323 Melicertem
655 2258 820 2335 nominat;
843 2258 902 2322 sed
922 2257 1106 2340 delphinus
1131 2262 1166 2320 ut
1187 2278 1262 2322 mea
1282 2259 1343 2322 fert
1366 2259 1437 2340 opi-

207 2369 275 2447 nio,
295 2368 467 2433 Melicertis
496 2367 648 2452 proprius
672 2372 731 2448 est,
755 2387 822 2431 non
842 2367 942 2432 draco
967 2366 1126 2443 marinus;
1150 2367 1183 2430 in
1206 2367 1364 2430 similibus
1377 2386 1437 2430 au·

206 2482 271 2541 tem
296 2477 451 2542 monstris
477 2477 611 2560 saepius
633 2477 757 2540 Nereus
779 2477 914 2558 equitat,
938 2476 993 2557 qui
1016 2477 1049 2539 in
1071 2475 1134 2540 hac
1157 2495 1290 2558 quoque
1318 2476 1437 2540 tabella

208 2587 297 2652 haud
321 2587 389 2650 scio
412 2607 454 2650 an
478 2586 709 2667 agnoscendus
732 2586 781 2651 sit.
839 2585 912 2663 Qua
947 2585 981 2649 in
1004 2585 1197 2666 quaestione
1218 2585 1343 2648 formae
1364 2604 1436 2648 cor-

211 2696 299 2778 poris
323 2696 427 2776 magis
450 2695 582 2760 iuvenili
605 2696 694 2759 haud
716 2695 762 2759 ita
784 2696 924 2758 multum
948 2694 1159 2758 tribuendum
1189 2699 1248 2772 est,
1282 2693 1360 2774 quia
1382 2713 1438 2757 ve·

210 2811 295 2870 teres
318 2825 473 2870 vasorum
497 2805 638 2886 pictores
662 2805 837 2868 discrimen
859 2804 892 2868 in
917 2803 1207 2887 corporeiuvenili,
1231 2803 1323 2880 virili,
1347 2803 1438 2866 senili

212 2915 416 2996 designando
440 2935 506 2978 non
530 2915 609 2978 satis
632 2915 813 2998 exprimere
835 2917 997 2996 poterant.

297 3025 382 3088 Iovis
405 3043 525 3088 nomen
549 3025 580 3088 in
603 3025 669 3088 tab.
685 3030 747 3087 490
769 3024 894 3104 figurae
917 3028 1045 3105 praeter
1066 3023 1245 3106 scipionem
1269 3027 1302 3086 et
1312 3025 1438 3103 partem

212 3133 339 3198 himatii
366 3135 500 3197 omnino
522 3134 648 3197 deletae
672 3132 820 3197 additum
844 3137 903 3196 est.
957 3133 1061 3196 Paulo
1083 3133 1166 3213 plus,
1197 3151 1297 3213 quam
1321 3130 1354 3193 in
1376 3130 1439 3194 hoc

213 3243 406 3324 fragmento,
436 3242 468 3306 in
500 3243 566 3306 tab.
592 3248 650 3305 768
675 3242 715 3306 de
738 3242 823 3306 lovis
845 3243 952 3306 forma
975 3245 1090 3320 exstat,
1124 3241 1180 3304 ubi
1203 3239 1358 3321 reliquias
1381 3239 1438 3302 viri

213 3351 291 3415 nudi
315 3351 534 3434 conspicimus
558 3351 625 3414 alta
638 3356 765 3414 statura
788 3350 934 3430 insignis,
958 3351 1015 3432 qui
1029 3349 1201 3414 sublevato
1223 3348 1360 3414 brachio
1377 3348 1440 3411 iul-

215 3481 289 3525 rnen
311 3461 419 3524 vibrat
440 3461 602 3542 longeque
624 3460 788 3542 procedit3
827 3461 915 3524 hunc
951 3459 1136 3540 sagittarius
1167 3477 1280 3524 arcum
1303 3458 1440 3522 tendens

214 3570 371 3653 sequitur.
416 3570 517 3634 Cuius
540 3570 691 3650 imaginis
723 3569 1036 3651 interprelationem,
1068 3588 1168 3651 quam
1198 3566 1442 3647 Furtwaengler

214 3680 380 3764 proponit,
403 3680 697 3762 comprobaverim.
735 3680 832 3743 Putat
857 3678 943 3742 enim
966 3679 1069 3742 altera
1083 3677 1188 3759 figura
1203 3678 1323 3755 lovem,
1339 3677 1441 3740 altera

214 3789 388 3853 Herculem
411 3790 648 3871 repraesentari
679 3789 862 3870 ambosque
885 3788 918 3851 in
940 3786 1205 3870 gigantomachia
1227 3785 1360 3850 versari.
1405 3785 1440 3848 ln

213 3899 277 3963 hac
300 3898 397 3980 igitur
417 3898 538 3963 tabella
574 3898 739 3980 antiquior
778 3899 830 3961 ille
852 3903 950 3981 typus
972 3897 1058 3960 lovis
1081 3896 1161 3960 nudi
1183 3900 1320 3978 apparet
1343 3895 1440 3975 pleno

215 4009 320 4090 gradu
342 4008 505 4073 tendentis
527 4008 716 4090 fulmenque
739 4008 906 4073 vibrantis.

300 4117 438 4183 Miserae
472 4117 629 4198 reliquiae
652 4118 901 4182 simulacrorum
924 4116 1072 4180 Mercurii
1105 4135 1172 4180 una
1202 4135 1278 4179 cum
1300 4112 1442 4195 Neptuni

216 4232 247 4291 et
271 4227 490 4310 Amphitritae
512 4227 625 4308 figuris
657 4227 689 4290 in
720 4227 849 4291 duabus
881 4225 1010 4290 tabellis
1042 4228 1127 4308 (486,
1155 4224 1231 4308 494)
1254 4227 1441 4304 temporum

217 4336 409 4419 iniquitates
430 4337 648 4419 pertulerunt;
672 4337 704 4399 in
729 4337 794 4400 tab.
818 4341 879 4400 486
903 4335 983 4399 nihil
1005 4335 1203 4419 permansit,
1239 4333 1301 4396 nisi
1325 4351 1441 4395 manus

218 4451 251 4512 et
274 4447 439 4510 caduceus
466 4467 505 4510 ea
528 4447 651 4528 specie,
683 4466 748 4526 qua
772 4446 803 4508 in
828 4445 912 4508 rasis
936 4445 1018 4524 nigri
1041 4444 1167 4526 generis
1202 4462 1274 4506 esse
1297 4441 1393 4518 solet3
1425 4459 1442 4502 e
