3230 4942
688 299 835 385 mit„
854 380 886 384 .-

174 441 259 506 lares
282 448 466 508 exstructae
501 445 736 529 imperatorum
759 447 988 514 Romanorum
1025 449 1229 531 temporibus
1253 454 1402 531 repertae

173 557 259 631 sunt,
283 553 402 634 quibus
424 555 573 620 fornaces
596 556 791 622 tabellarum
815 562 893 623 sunt
915 559 1107 624 simillimae.

256 661 342 726 Vasa
372 663 483 728 fictilia
521 684 626 746 prope
659 666 809 730 fornaces
848 667 981 750 saepius
1019 667 1230 733 inveniuntur
1265 668 1312 752 (in
1334 669 1402 734 tab.

172 775 242 848 608,
267 778 328 836 610
341 773 425 856 etc).
463 773 536 850 Quo
559 774 696 839 indicari
718 775 847 840 ridetur
868 778 985 858 figulos
1009 778 1078 842 illas
1101 779 1134 841 in
1152 798 1216 842 usu
1235 779 1401 843 habuisse.

256 880 289 942 ln
314 881 502 946 fornacibus
525 883 669 965 antiquis
690 884 816 968 lapides
839 886 956 964 aerosi,
993 887 1025 950 id
1049 887 1139 969 quod
1170 887 1269 950 etiam
1304 888 1402 952 hodie

171 989 217 1066 fit,
240 1009 299 1070 per
321 990 453 1070 ostium,
477 993 567 1073 quod
589 993 623 1056 in
646 1013 777 1058 summo
800 996 970 1059 cacumine
992 997 1137 1078 patebat,
1174 996 1401 1061 iniciebantur.

171 1097 223 1163 Ad
246 1099 336 1180 quod
361 1101 497 1165 omnino
520 1121 588 1166 non
610 1106 725 1186 aptum
748 1108 798 1168 est
820 1104 939 1168 ostium
963 1106 1146 1180 fornacum,
1181 1125 1264 1188 quas
1295 1107 1328 1170 in
1350 1111 1401 1171 ta·

170 1207 262 1272 bellis
284 1209 386 1288 videS,
411 1229 485 1274 cum
508 1212 680 1291 angustius
704 1213 755 1277 sit.
811 1214 927 1296 Neque
949 1215 1036 1279 credi
1058 1219 1167 1297 potest
1188 1235 1246 1297 per
1268 1219 1400 1297 portam

21 1367 22 1372 1
110 1383 112 1386 ,
172 1317 258 1382 illam
284 1319 558 1384 semicirculatam
582 1321 665 1385 aeris
688 1323 858 1387 materiam
883 1343 955 1388 esse
977 1325 1168 1390 immissam.
1226 1324 1402 1389 Praeterea

170 1427 344 1506 foramina,
368 1449 426 1510 per
448 1449 534 1510 quae
557 1449 613 1494 aes
638 1431 798 1512 liquidum
821 1433 974 1514 profluat,
999 1434 1117 1500 frustra
1140 1438 1353 1516 quaeruntur.

253 1538 289 1601 ln
312 1538 412 1602 latere
436 1538 575 1604 adverso
609 1541 748 1605 tabellae
785 1547 845 1607 885
880 1543 930 1606 vir
955 1562 1015 1606 vas
1037 1544 1193 1622 formam,
1225 1544 1258 1608 in
1280 1563 1397 1608 averso

168 1645 284 1711 fornax
308 1646 433 1728 vulgari
469 1649 584 1713 habitu
608 1654 754 1732 apparet.
808 1651 916 1728 Quam
943 1672 1015 1716 esse
1037 1652 1205 1716 fornacem
1227 1654 1398 1733 figularem

169 1755 222 1818 vix
244 1757 432 1837 negandum
467 1761 525 1822 est.
580 1759 664 1822 Nam
696 1760 858 1842 picturam
889 1761 1021 1826 alterius
1044 1763 1153 1826 lateris
1177 1762 1219 1826 ad
1241 1761 1397 1845 figlinam,

169 1864 301 1928 alterius
325 1866 366 1930 ad
390 1871 493 1931 artem
517 1867 599 1931 aeris
624 1867 771 1932 frisorum
795 1873 944 1952 spectare
966 1890 1034 1934 non
1057 1871 1210 1934 credibile
1233 1875 1297 1950 est,
1320 1891 1397 1935 cum

169 1994 237 2038 non
260 1975 397 2038 dubium
422 1976 474 2052 sit,
497 1976 576 2058 quin
599 1978 718 2057 figulus
741 1977 877 2058 quidam
900 1979 985 2042 hanc
1007 1980 1161 2044 tabellam
1190 1980 1396 2044 dedicaverit.

167 2082 249 2146 Cum
274 2083 306 2146 in
330 2083 393 2148 hac
415 2084 513 2164 igitur
534 2086 662 2167 pictura
687 2086 800 2150 fornax
822 2087 969 2168 figularis
988 2089 1198 2168 agnoscenda
1221 2089 1272 2168 sit,
1296 2090 1329 2152 in
1344 2109 1397 2154 ce-

167 2193 245 2255 teris
267 2191 462 2257 tabellarum
486 2193 683 2273 fornacibus,
708 2215 792 2278 quae
814 2197 930 2260 eadem
954 2197 1058 2262 forma
1081 2203 1167 2276 sunt,
1191 2198 1278 2262 idem
1300 2199 1397 2264 valet.

167 2301 280 2383 Neque
302 2323 379 2367 vero
403 2307 564 2384 quantum
588 2304 666 2382 scio,
703 2305 824 2369 tabella
847 2309 963 2385 exstat,
999 2307 1092 2370 cuius
1115 2307 1148 2370 in
1171 2307 1272 2372 altero
1295 2307 1396 2372 latere

166 2412 280 2476 fodina
303 2412 353 2476 vel
375 2412 576 2477 aerariorum
600 2432 695 2494 opuS,
731 2413 765 2475 in
801 2413 904 2478 altero
940 2415 1056 2480 fornax
1083 2415 1168 2479 illius
1192 2416 1318 2481 formae
1341 2417 1395 2480 de-

196 2553 213 2556 ..,.
220 2551 485 2558 ..Μ-*ψ*
490 2553 534 2556 ---
539 2553 551 2557 -
559 2552 566 2556 ,Α

165 2639 246 2694 annis
264 2645 328 2694 ante
346 2641 459 2694 colonus
477 2640 536 2694 eius
553 2639 674 2708 regionis
691 2656 786 2707 parem
803 2641 944 2694 fornacem
962 2641 1116 2706 detexisset,
1131 2643 1219 2696 Jostes
1231 2643 1395 2698 etEffmann

166 2733 327 2786 effoderunt.
363 2733 408 2799 (cl.
426 2733 454 2786 Z.
472 2733 490 2785 f.
509 2733 603 2786 raterl.
622 2731 717 2786 Gesch.
735 2749 762 2786 u.
780 2733 984 2798 Altertumskd,
1007 2735 1062 2788 her.
1081 2751 1137 2789 von
1154 2736 1215 2789 dem
1234 2735 1333 2790 Verein
1351 2737 1396 2790 fiir

166 2825 262 2879 Gesch.
280 2843 305 2880 n.
326 2825 519 2879 Altertumskd.
537 2826 701 2879 Westfalens
722 2825 794 2890 1888,
812 2843 872 2894 pag.
891 2826 924 2879 85
941 2843 1009 2894 sqq,
1026 2829 1082 2880 tab.
1102 2827 1155 2895 Vl.)
1201 2829 1253 2881 Sed
1272 2828 1306 2881 iis
1328 2829 1394 2882 viris

166 2935 223 2972 non
241 2919 365 2987 contigit,
384 2925 414 2972 ut
431 2917 612 2987 probabiliter
629 2919 765 2983 docerent,
791 2919 826 2972 ad
844 2936 926 2988 quem
945 2937 1026 2972 usum
1044 2927 1107 2988 apta
1125 2921 1208 2974 fuerit
1225 2921 1271 2974 illa
1289 2921 1394 2975 fornax.

166 3012 317 3080 Postquam
336 3017 429 3066 autem
446 3011 579 3076 fornaces,
609 3011 761 3078 dequibus
782 3012 851 3076 dico,
878 3011 905 3064 in
933 3013 1166 3080 comparationem
1191 3014 1295 3078 vocavi,
1325 3015 1394 3068 mihi

165 3122 223 3159 non
241 3105 298 3159 iam
315 3105 430 3158 dubium
447 3109 497 3169 est,
518 3105 586 3172 quin
604 3103 688 3158 etiam
706 3103 736 3157 in
753 3104 863 3157 fornace
880 3103 1018 3169 Laerensi,
1037 3105 1102 3174 quia
1120 3104 1183 3158 'curn
1202 3106 1299 3158 ceteris
1308 3110 1393 3160 struc-

165 3198 325 3266 turaplane
343 3197 487 3262 consentit,
505 3213 574 3250 vasa
600 3197 644 3250 vel
667 3197 765 3250 lateres
792 3202 922 3250 concocta
951 3197 1013 3250 sint.
1049 3197 1139 3264 Atque
1162 3213 1224 3250 cum
1242 3198 1392 3250 fractorum

165 3305 295 3343 vasorum
313 3295 407 3355 testae,
424 3306 495 3358 quae
514 3291 586 3358 apud
604 3291 745 3343 fornacem
764 3289 906 3358 figularem
924 3289 1037 3357 reperiri
1055 3289 1152 3354 solent,
1171 3290 1260 3342 adhuc
1275 3305 1331 3343 non
1350 3307 1393 3343 oc-

165 3382 308 3447 currerint,
326 3383 425 3436 melius
442 3383 559 3436 fortasse
577 3387 619 3436 est
635 3388 734 3450 putare
751 3383 849 3436 lateres
868 3381 907 3434 ibi
930 3399 989 3436 esse
1007 3381 1125 3446 adustos,
1151 3383 1311 3450 praesertim
1329 3399 1392 3436 cum

164 3474 257 3543 priore
282 3480 404 3544 tempore
433 3493 450 3528 a
475 3474 578 3529 rustico
606 3475 724 3543 quodam
756 3475 784 3527 in
804 3491 836 3528 ea
857 3473 970 3542 regione
989 3473 1167 3527 vetustissimi
1185 3475 1284 3527 lateres
1302 3475 1391 3528 aliena

164 3569 200 3622 ab
220 3568 263 3634 iis,
282 3568 383 3637 quibus
400 3584 474 3622 nunc
491 3568 603 3634 utimur,
620 3567 710 3621 forma
727 3567 797 3620 eruti
815 3571 842 3620 et
860 3583 921 3620 cum
941 3565 1002 3619 aliis
1020 3566 1098 3618 mixti
1123 3565 1157 3619 ad
1175 3565 1331 3619 aedificium
1350 3583 1382 3620 ex
1427 3628 1431 3636 ,

164 3661 326 3715 struendum
344 3659 461 3714 adhibiti
478 3661 541 3714 sint.
577 3661 656 3727 Quod
674 3661 697 3714 si
707 3676 778 3725 vere,
797 3664 828 3712 ut
845 3676 933 3728 spere,
951 3659 1043 3724 statui,
1062 3659 1145 3712 etiam
1157 3659 1190 3712 de
1200 3664 1297 3724 aetate,
1316 3661 1393 3713 cuius

164 3753 228 3806 illae
246 3753 379 3822 reliquiae
396 3752 460 3817 sint,
478 3752 602 3806 conicere
620 3753 690 3806 licet.
726 3752 883 3820 Angrivarii
902 3751 986 3816 enim,
1011 3752 1061 3820 qui
1079 3753 1152 3805 hanc
1169 3751 1311 3820 regionem
1329 3753 1392 3806 Ger-

164 3847 275 3900 maniae
292 3845 513 3914 septentrionalis
532 3845 696 3910 incolebant,
723 3849 754 3898 ut
778 3845 855 3898 testis
883 3850 924 3898 est
941 3844 1062 3908 Tacitus
1089 3845 1170 3898 Drusi
1193 3851 1220 3898 et
1237 3845 1392 3913 Germanici

162 3940 332 4008 temporibus
360 3955 422 3992 cum
439 3937 574 3992 Romanis
600 3939 707 3992 foedere
736 3943 763 3991 et
780 3937 902 3992 amicitia
924 3937 1064 3993 cuniuncti
1083 3944 1168 3991 erant.
1212 3937 1303 4002 Quare
1329 3953 1392 3990 mea

163 4033 274 4101 quidem
292 4031 430 4086 sententia
446 4030 522 4099 figuli
540 4029 677 4096 Romani,
703 4031 750 4098 qui
769 4036 940 4084 mercaturae
957 4046 1041 4082 causa
1067 4029 1105 4081 ibi
1130 4029 1321 4092 morabantur,
1348 4029 1392 4080 rel

163 4125 279 4190 milites),
308 4123 357 4191 qui
375 4125 491 4176 fortasse
509 4123 548 4175 ibi
565 4139 680 4192 parvam
699 4123 836 4176 coloniam
853 4123 898 4175 vel
916 4127 1005 4176 castra
1023 4121 1237 4185 constituerant,
1266 4121 1391 4174 fornaces

162 4217 224 4270 illas
234 4220 434 4270 exstruxerunt.
455 4213 618 4283 Negarerim
630 4231 694 4268 vero
705 4215 765 4268 illas
774 4214 956 4268 Germanicae
969 4215 1012 4266 vel
1024 4212 1190 4280 antiquioris
1203 4212 1316 4280 originis
1323 4229 1391 4268 esse.

247 4309 284 4362 Ut
302 4307 332 4362 fit
348 4309 377 4361 in
396 4308 526 4362 omnihus
549 4308 605 4361 fere
622 4307 816 4371 monumentis
843 4323 914 4374 quae
941 4306 1151 4373 magistratuum
1172 4321 1238 4358 cura
1255 4319 1312 4356 non
1329 4321 1391 4356 con·

162 4405 316 4466 servantur,
334 4401 418 4455 etiam
436 4401 548 4454 unicam
566 4399 642 4452 illam
660 4401 800 4453 fornacem
817 4399 945 4463 rusticus
972 4398 1019 4466 qui
1043 4397 1081 4450 ibi
1100 4397 1217 4460 habitat,
1244 4395 1335 4459 diruit,
1362 4400 1392 4448 ut

127 4483 131 4493 ¹
163 4494 310 4562 lapidibus
329 4509 343 4546 e
361 4493 462 4561 quibus
480 4498 616 4546 exstructa
636 4498 702 4556 erat,
720 4493 760 4545 uti
778 4496 879 4560 posset.

1152 4581 1169 4632 2
1177 4583 1190 4611 tt
