3230 4942
754 298 756 306 ι
771 253 808 320 93

717 344 886 351 -..φ-...-

174 410 419 476 aeolonnette“
445 431 612 491 vocamus,
636 413 666 478 in
691 415 762 480 orbi
784 415 912 496 figulari
935 417 1036 490 stam,
1058 413 1093 476 in
1115 413 1181 477 tab.
1205 413 1297 476 868ss
1322 432 1401 476 con·

175 518 318 602 spiritur.
375 519 472 598 Quod
508 520 640 602 quidem
676 543 743 588 non
779 523 1017 604 neglegendum
1051 521 1290 598 videturesse,
1327 540 1402 584 cum

175 628 357 710 quaeritur,
393 634 503 694 utrum
527 631 619 712 origo
642 652 798 698 vasorum
829 633 958 698 illorum
978 629 1181 696 Corinthiaci
1212 631 1338 711 generis
1369 629 1402 692 in

174 737 268 802 ltalia
295 741 501 820 repertorum
515 739 671 824 {Corinthi
693 742 790 806 fuerit
812 761 923 806 necue.
948 742 1031 805 Nam
1056 760 1131 803 cum
1154 740 1273 816 adhuc,
1297 758 1402 820 quan-

173 848 245 910 tum
267 846 352 926 scio,
389 847 535 912 Corinthi
564 869 645 914 vasa
676 851 773 914 huius
805 851 930 915 formae
965 870 1033 914 non
1062 850 1182 914 effossa
1216 849 1281 911 sint
1303 851 1402 928 atque

174 955 305 1038 saepius
327 955 358 1036 ii,
395 955 450 1038 qui
475 977 554 1022 vasa
576 957 631 1023 illa
653 959 764 1024 Italica
802 959 837 1023 in
859 960 932 1042 ipsa
965 959 1046 1022 urhe
1070 958 1228 1022 Corintho
1258 957 1402 1040 perlecta

175 1083 247 1128 esse
269 1069 408 1145 negant,
443 1065 521 1130 talia
543 1069 643 1148 atque
667 1071 760 1132 tanta
781 1087 862 1132 vasa
886 1089 905 1132 a
927 1067 1039 1149 figlina
1062 1066 1273 1131 Corinthiaca
1296 1065 1403 1130 aliena

173 1171 275 1236 tuisse
298 1173 510 1253 contendant,
542 1175 604 1240 hac
626 1176 746 1241 tabella
768 1177 1014 1240 demonstratur
1035 1175 1152 1256 figulos
1175 1173 1402 1238 Corinthiacus

175 1281 273 1346 etiam
294 1282 456 1346 eiusmodi
489 1303 571 1348 vasa
592 1284 770 1350 fabricatos
793 1304 872 1350 esse.
918 1287 1031 1366 Neque
1060 1284 1228 1348 mentione
1250 1283 1403 1366 indignae

175 1394 253 1454 sunt
274 1391 410 1471 formae,
434 1406 519 1475 quae
541 1393 574 1458 in
593 1392 722 1458 duabus
749 1393 819 1458 aliis
841 1393 968 1458 tabellis
992 1395 1034 1477 (v.
1058 1394 1123 1457 tab.
1148 1393 1249 1456 884Β
1273 1395 1304 1456 et
1326 1392 1402 1456 Gar..

176 1499 263 1564 arch.
285 1520 359 1582 pag.
386 1503 458 1583 106)
482 1501 630 1584 depictae
653 1507 745 1584 sunt3
763 1508 813 1567 est
834 1503 921 1568 enim
944 1503 1105 1584 amphora
1136 1503 1218 1566 collo
1241 1501 1330 1566 tenui
1353 1505 1402 1566 at-

176 1629 240 1690 que
263 1615 375 1674 ventre
398 1611 542 1692 oblongo
565 1615 596 1674 et
620 1611 731 1694 amplo
754 1612 935 1694 humilique
969 1613 1051 1693 pede
1075 1616 1107 1675 et
1128 1612 1287 1693 lecythus,
1310 1610 1402 1674 cuius

175 1721 287 1782 venter
309 1718 394 1784 intra
416 1720 450 1782 in
464 1723 597 1786 acutum
619 1719 746 1799 desinit,
769 1717 896 1786 formae
910 1720 1234 1786 Protocorinthiacae
1257 1719 1402 1784 similior.

592 2105 646 2191 V.
686 2107 750 2190 Ile
775 2107 985 2190 navibus.

260 2263 399 2328 Navium
422 2264 586 2347 picturae,
625 2285 709 2348 quas
740 2265 773 2329 in
804 2267 933 2330 tabellis
956 2265 1065 2342 vidae,
1101 2265 1135 2328 in
1166 2263 1401 2346 antiquissimis

176 2375 271 2450 sunt,
306 2372 425 2454 quibus
460 2393 511 2437 res
534 2373 666 2438 nautica
688 2374 887 2439 Graecorum
910 2374 1090 2438 illustratur
1121 2379 1219 2455 atque
1240 2393 1279 2438 eo
1302 2373 1403 2454 pluris

177 2485 253 2544 sunt
275 2481 471 2558 habendae,
512 2483 590 2564 quia
611 2483 645 2546 in
667 2483 706 2546 iis
724 2496 726 2500 ’
743 2483 988 2566 conspiciuntur
1017 2503 1118 2548 naves
1149 2481 1403 2560 Corinthiorum,

177 2589 233 2671 qui
264 2589 348 2653 inter
384 2591 529 2655 Graecas
560 2595 672 2674 gentes
710 2591 913 2674 antiquitatis
948 2592 1152 2676 temporibus
1194 2585 1404 2672 navigatione

178 2697 318 2762 maxime
339 2698 510 2763 florebant.
555 2699 620 2764 Sed
654 2699 717 2765 hae
747 2701 887 2766 tabellae
921 2720 1035 2765 ornnes
1067 2701 1133 2764 fere
1163 2700 1246 2764 adeo
1279 2699 1403 2764 deletae

177 2811 263 2884 sunt,
285 2811 322 2872 ut
343 2808 444 2872 modo
467 2808 574 2873 minor
596 2829 683 2891 pars,
707 2809 808 2875 modo
831 2809 911 2873 nihil
934 2811 1002 2873 iere
1024 2811 1133 2873 restet.

261 2916 334 2980 Duo
348 2917 482 2982 navium
497 2937 617 2998 genera
630 2919 893 2996 internoscimus
916 2938 1017 2982 naves
1032 2918 1147 2998 longas
1162 2923 1194 2980 et
1207 2937 1308 2981 naves
1324 2937 1403 2980 one-

177 3025 289 3089 rarias,
333 3025 411 3090 lllae
433 3027 558 3108 vulgari
582 3031 660 3092 sunt
681 3027 802 3105 torma3
825 3048 924 3109 prora
946 3028 1111 3110 prominet
1132 3027 1165 3090 in
1188 3026 1329 3108 speciem
1348 3044 1402 3089 ca-

178 3133 253 3213 pitis
274 3133 398 3198 bestiae
420 3135 514 3218 (apri,
537 3136 628 3200 canis
644 3137 694 3200 vel
716 3136 796 3220 lupi)
820 3140 1018 3213 constructa,
1041 3139 1140 3218 atque
1161 3154 1301 3215 magnus
1325 3154 1403 3198 ocu-

178 3241 227 3305 lus
251 3243 423 3324 aliquoties
446 3244 479 3307 in
502 3263 541 3308 ea
563 3245 670 3325 pictus
694 3249 757 3322 est;
793 3265 940 3328 puppem
962 3249 1132 3309 curvatam
1161 3243 1262 3308 fuisse
1284 3244 1405 3309 tabella

178 3349 304 3432 integra
323 3353 419 3416 836B
434 3354 544 3431 docet;
567 3355 674 3420 malus
697 3355 748 3418 vel
762 3355 933 3434 remigium
953 3355 986 3418 in
1008 3354 1071 3418 hac
1094 3355 1213 3417 frustra
1228 3353 1402 3434 quaeritur.

261 3461 361 3526 Navis
384 3463 552 3528 onerariae
575 3463 684 3544 imago
707 3464 887 3528 admodum
910 3465 1022 3528 illaesa
1044 3463 1078 3527 in
1099 3462 1227 3527 tabellis
1249 3481 1317 3526 non
1332 3482 1403 3544 per-

178 3572 307 3637 mansit.
353 3571 471 3649 Quoad
495 3591 692 3653 cognoscere
714 3593 908 3655 possumuS‚
932 3577 964 3636 et
985 3591 1103 3655 prorae
1126 3575 1158 3636 et
1180 3591 1307 3653 puppes
1331 3591 1404 3635 cur-

178 3685 274 3746 vatae
296 3685 395 3763 atque
417 3701 518 3746 naves
541 3681 620 3746 velis
643 3686 676 3746 et
696 3683 793 3746 remis
817 3683 995 3746 instructae
1017 3681 1157 3746 fuerunt.

261 3791 455 3856 Accuratius
492 3792 751 3874 contemplemur
780 3793 918 3856 formam
954 3791 1047 3855 navis
1070 3791 1103 3855 in
1126 3791 1192 3856 tab.
1217 3795 1275 3852 831
1300 3789 1325 3852 B
1348 3788 1405 3852 de-

178 3900 294 3981 pictae.
339 3899 439 3963 Cuius
462 3901 583 3982 puppis
613 3903 749 3964 curvata
771 3905 870 3982 atque
892 3899 1044 3964 crucibus
1076 3898 1260 3982 duplicibus
1289 3901 1405 3962 ornata

179 4008 329 4090 longurio
353 4007 493 4072 fulcitur.
537 4009 644 4074 Media
677 4010 708 4073 in
733 4009 809 4074 navi
845 4008 952 4073 malus
975 4013 1102 4072 erectus
1124 4012 1188 4084 est,
1212 4006 1265 4088 qui
1291 4005 1405 4070 utrim-

180 4137 244 4200 que
273 4117 410 4181 rudibus
442 4120 473 4201 (2
497 4121 669 4203 προτόνοις
693 4157 726 4165 -
755 4127 770 4180 1
795 4118 951 4203 saladam)
974 4118 1161 4182 sustinetur.
1219 4115 1282 4179 Per
1301 4119 1405 4180 totam

179 4246 298 4293 navem
320 4231 499 4292 transtrum
531 4228 565 4292 in
587 4247 731 4311 puppem
762 4216 947 4292 immissum
970 4232 1001 4291 et
1033 4228 1122 4311 apud
1146 4227 1267 4290 malurn
1290 4224 1405 4288 utrim-

180 4355 244 4420 que
266 4335 347 4400 sude
370 4335 632 4416 statuminatum,
657 4337 747 4418 quod
767 4355 855 4400 nunc
879 4335 1128 4418 ,Sprengwerld
1156 4337 1301 4411 vocatur,
1324 4332 1405 4396 duc·

179 4450 250 4510 tum
276 4450 334 4510 est.
358 4484 397 4491 -
420 4447 456 4510 ln
478 4447 647 4528 superiore
681 4447 819 4512 tabellae
850 4445 998 4528 margine
1028 4445 1126 4510 series
1158 4441 1405 4509 oenochoarurn
