3230 4942
804 289 839 341 22

209 445 277 503 stro
300 440 468 504 instructis
491 439 534 504 ad
565 440 733 502 fornacem
774 440 943 504 accedunt.
987 437 1051 502 Eas
1087 437 1184 518 igitur
1215 438 1366 502 fornaces
1398 438 1441 502 ad

210 549 343 612 metalla
366 547 606 629 liquefacienda
620 551 717 629 aptas
736 549 836 612 fuisse
859 548 1035 624 contendo,
1058 550 1158 628 atque
1180 565 1306 628 paucae
1328 565 1441 609 earum
1498 618 1500 622 .

209 657 370 739 imagines
393 653 507 739 paucis
530 657 593 720 illis
616 657 825 722 metallorum
853 657 1052 736 imaginibus
1075 656 1288 738 respondent.
1332 655 1441 732 Quare

211 767 408 848 intellegitur
435 766 643 831 metallorum
666 767 802 848 picturis
827 767 961 833 omnino
984 787 1051 830 non
1075 765 1294 830 demonstrari
1316 765 1442 848 primae

211 875 338 940 formae
361 875 511 939 fornaces
534 895 602 939 non
626 895 697 940 esse
720 876 883 956 figulares.

261 1361 337 1442 lv.
380 1361 443 1442 Ite
470 1363 572 1442 rota
599 1359 787 1462 figulari
814 1361 1012 1464 aliisque
1039 1360 1248 1462 picturis,
1275 1379 1388 1462 quae
1416 1360 1417 1364 '

569 1487 626 1570 ad
652 1485 857 1588 figlinam
887 1489 1105 1589 spectant.

303 1688 390 1750 Ante
400 1687 539 1751 tabellas
555 1691 711 1768 repertas,
735 1690 878 1770 exceptis
897 1688 1011 1770 paucis
1034 1707 1188 1752 vasorum
1212 1687 1375 1770 picturis1)
1418 1689 1447 1750 t-

220 1816 283 1878 que
306 1797 344 1860 iis
366 1797 485 1878 partim
501 1818 569 1862 non
590 1799 636 1862 ita
658 1798 804 1878 vetustis,
828 1799 869 1862 de
891 1799 971 1862 orbe
993 1796 1122 1878 figulari
1142 1801 1241 1878 atque
1264 1816 1303 1860 ea
1321 1797 1448 1861 ratione

221 1926 287 1988 qua
324 1926 401 1972 vasa
433 1907 680 1984 formabantur,
714 1909 794 1972 nihil
816 1909 882 1972 fere
900 1912 1017 1971 notum
1047 1910 1126 1971 erat.
1171 1907 1207 1970 In
1230 1905 1292 1971 hac
1315 1925 1448 1988 quoque

220 2034 255 2078 re
277 2016 416 2080 tabellae
439 2036 579 2098 magnae
601 2017 807 2081 auctoritatis
830 2021 927 2096 sunt,
960 2037 1036 2082 cum
1069 2015 1103 2078 in
1124 2015 1163 2080 iis
1187 2015 1319 2098 saepius
1341 2014 1449 2096 pictu-‘

220 2144 276 2188 rae
298 2125 553 2208 conspiciantur,
578 2147 663 2208 quae
687 2127 729 2192 ad
752 2132 856 2192 artem
878 2129 1054 2208 figulorum
1076 2130 1234 2209 spectent.

306 2235 466 2300 Vasorum
488 2236 639 2317 figuratio
674 2237 707 2300 in
738 2240 811 2302 rota
841 2235 970 2318 figulari
991 2239 1044 2316 fil,
1077 2257 1162 2319 quae
1184 2233 1345 2301 versatilis
1367 2235 1449 2299 sude

223 2343 256 2406 in
287 2348 407 2408 terram
446 2345 565 2409 adacta
600 2346 786 2410 sustinetur.
836 2346 921 2410 Dum
952 2351 1059 2411 rotam
1092 2347 1186 2410 laeva
1217 2366 1336 2424 manu,
1381 2365 1448 2409 non

221 2452 316 2534 pede,
343 2457 380 2516 ut
401 2453 500 2517 hodie
523 2454 591 2518 fieri
613 2455 705 2533 solet,
737 2460 865 2531 movet,
888 2456 1006 2538 figulus
1029 2455 1203 2538 aliquoties
1225 2454 1343 2520 bacillo
1367 2473 1450 2536 quo·

223 2561 299 2626 dam
322 2582 402 2626 usus
424 2583 483 2628 vas
506 2563 614 2627 medio
637 2565 671 2628 in
694 2565 773 2628 orbe
796 2569 888 2628 stans
910 2565 1039 2630 format.
1071 2564 1135 2628 Alii
1158 2563 1298 2646 operarii
1320 2566 1448 2646 specta·

222 2677 311 2736 tores
335 2675 418 2738 sunt.
464 2673 631 2738 Interdum
654 2693 808 2738 acervum
831 2674 963 2755 argillae
987 2674 1078 2738 humi
1107 2675 1267 2739 iacentem
1290 2671 1449 2736 videmus

224 2781 312 2845 Vasa
333 2785 526 2864 comparata
549 2782 591 2846 ad
614 2782 887 2863 concoquendum
921 2783 972 2846 vel
995 2787 1089 2848 cocta
1111 2784 1143 2846 in
1177 2803 1312 2847 scamno
1335 2781 1451 2866 parieti

225 2890 324 2954 affixo
346 2891 456 2972 posita
480 2894 557 2954 sunt
580 2892 625 2974 (in
649 2892 715 2956 tab.
740 2891 828 2974 640);
858 2892 891 2955 in
914 2893 978 2956 alia
1000 2893 1122 2957 tabella
1144 2893 1232 2975 (Gar.
1257 2893 1345 2956 arch.
1371 2897 1453 2956 1880

224 3020 298 3081 pag.
321 2999 394 3081 106)
418 3005 512 3064 cocta
534 3020 572 3064 ex
595 3000 688 3064 uncis
711 3001 906 3082 dependent.

310 3109 369 3171 His
393 3109 527 3191 picturis
563 3109 773 3193 perspicuum
810 3111 846 3174 fit
877 3115 984 3175 rotam
1015 3111 1048 3174 in
1078 3112 1309 3193 antiquissima
1341 3111 1453 3192 figlina

228 3218 437 3282 Corinthiaca
475 3239 543 3282 non
573 3218 657 3300 pede
692 3238 764 3284 esse
797 3225 972 3284 versatam.
1015 3221 1125 3302 Atque
1160 3233 1234 3284 cunr
1258 3225 1331 3285 rota
1364 3221 1454 3302 apud

228 3326 433 3404 Corinthios,
470 3328 525 3408 qui
554 3328 735 3408 antiquitus
767 3328 920 3412 operibus
948 3328 1067 3410 figlinis
1098 3329 1239 3393 illustres
1263 3334 1372 3406 erant,
1407 3330 1455 3394 ita

227 3441 312 3500 esset
342 3440 548 3513 constructa,
587 3440 623 3500 ut
654 3457 754 3502 manu
782 3443 933 3518 tanturn,
968 3459 1035 3502 non
1063 3438 1149 3520 pede
1170 3438 1454 3520 circumageretur,

227 3545 449 3610 verisimilium
484 3552 533 3610 est
557 3566 630 3611 eam
658 3548 746 3630 apud
769 3553 893 3614 ceteras
926 3568 1059 3630 quoque
1082 3549 1237 3613 Graeciae
1260 3552 1373 3630 gentes
1394 3569 1454 3612 an-

226 3655 326 3736 tiquis
349 3655 554 3736 temporibus
576 3655 745 3720 meliorem
760 3661 957 3721 structuram
980 3676 1048 3720 non
1070 3657 1235 3722 habuisse.

312 3763 384 3826 Hoc
406 3764 480 3826 loco
503 3783 571 3826 non
590 3763 755 3828 omiserim
786 3764 826 3828 de
847 3765 946 3828 variis
979 3785 1136 3830 vasorum
1158 3767 1290 3844 fonniS,
1314 3786 1398 3848 quae
1420 3767 1454 3830 in

228 3871 356 3936 tabellis
393 3875 569 3953 apparent,
602 3890 709 3952 pauca
743 3872 862 3950 dicere;
898 3874 987 3938 vides
1011 3874 1200 3939 oenocboas
1224 3876 1269 3959 (in
1294 3876 1358 3940 lab.
1383 3881 1454 3954 640,

230 3981 331 4058 827Β,
348 3981 463 4058 8313),
483 3980 643 4062 scyphum
657 3980 703 4064 (in
717 3981 780 4045 tab.
798 3987 868 4060 641,
885 3985 1001 4065 8116),
1017 3983 1196 4066 amphoras
1206 3984 1254 4067 (in
1263 3985 1330 4049 tab.
1350 3987 1454 4063 8713,

231 4089 349 4169 893Α).
377 4088 549 4169 Amphora
565 4109 697 4172 quoque
721 4089 880 4154 altissima
902 4091 971 4154 eius
989 4092 1125 4172 formae,
1148 4112 1250 4175 quam
1276 4094 1456 4176 „amphora

314 4390 334 4457 9)
353 4388 386 4440 ci.
404 4387 552 4441 Bluemner
569 4388 584 4439 l.
604 4403 625 4439 e.
644 4385 685 4450 ΙΙ,
708 4403 770 4455 pag.
787 4386 821 4439 46
838 4403 896 4454 sqq.
913 4417 949 4425 —-
967 4387 1127 4452 Bluenrner,
1153 4387 1221 4442 Mitt.
1241 4389 1288 4440 des
1306 4390 1362 4442 ath.
1388 4389 1454 4443 inst.

229 4481 302 4548 1889,
320 4497 379 4552 pag.
399 4480 447 4532 150
463 4496 523 4550 sqq.
