3230 4942
805 263 842 319 30

197 427 276 474 esse.
288 408 311 490 ¹)
355 407 421 471 Sed
443 408 685 490 respiciendum
708 413 768 487 est,
792 412 883 493 quod
904 412 1029 478 litterae
1051 414 1210 478 arbitratu
1231 411 1441 494 compositae

197 516 229 580 in
253 517 355 580 verba
376 537 443 581 non
466 517 631 597 coeuntia,
664 518 779 600 quales
816 520 858 584 ad
893 520 1034 604 spatium
1068 541 1207 586 vacuum
1236 520 1440 603 explendum
1526 509 1528 514 ’

198 625 230 688 in
251 625 492 706 antiquioribus
515 627 604 691 vasis
627 627 795 692 adhibitae
816 632 907 708 sunt,
937 629 969 692 in
992 629 1042 693 his
1066 630 1194 694 tabellis
1225 649 1292 693 non
1321 647 1442 693 occur-

109 743 111 747 “
197 738 288 810 runt3
326 733 480 798 tabellam
512 741 575 798 900
595 735 634 798 iu
661 735 724 800 hac
752 756 787 800 re
813 737 919 801 solam
945 737 1171 821 excipiendam
1199 756 1272 801 esse
1299 726 1442 801 nonita

200 842 374 906 verisimile
396 843 448 907 sit.
489 844 636 922 Accedit,
661 845 752 926 quod
774 845 978 926 superiorem
997 845 1251 929 inscriptionem,
1276 845 1303 908 si
1319 865 1443 909 secun·

199 951 277 1014 dam
312 951 381 1016 eius
404 951 546 1016 litteram
570 973 681 1016 errore
708 954 758 1017 vel
785 953 987 1034 indiligentia
1014 973 1073 1035 pro
1103 954 1210 1018 littera
1231 961 1258 1021 ‘t
1280 953 1442 1036 scriptam

200 1080 272 1124 esse
296 1061 487 1139 statuimus,
520 1061 612 1126 initio
636 1061 796 1126 inferioris
819 1061 1039 1144 inscriptionis
1062 1081 1173 1126 rursus
1202 1061 1439 1143 conspicimus

285 1170 506 1235 Memorabilis
529 1171 629 1234 etiam
653 1170 792 1234 tabellae
815 1176 875 1233 937
896 1169 1065 1251 inscriptio
1082 1176 1144 1247 est;
1167 1170 1335 1250 singulare
1349 1168 1441 1233 enim

200 1278 382 1342 rationein
406 1279 536 1342 maculo
559 1279 711 1360 elliptico,
735 1278 824 1359 quod
843 1277 1010 1358 pigmento
1025 1278 1207 1342 coloratum
1224 1282 1283 1356 est,
1307 1277 1441 1340 litterae

200 1410 305 1468 αγαμε
322 1391 347 1468 ²)
371 1387 492 1451 incisae
516 1393 601 1451 sunt.
697 1413 699 1418 ·

681 1794 763 1876 IX.
809 1794 960 1876 Vario.

330 1945 389 2001 De
407 1943 619 2000 nonnullis
636 1942 800 1998 tabellis
818 1943 924 1998 rar-ts
942 1941 1005 1998 vel
1023 1942 1309 2011 singular-rbus.

288 2088 426 2152 Saltatio
450 2087 660 2150 Corinthiaca
687 2087 720 2150 in
748 2085 815 2150 lato
839 2086 955 2163 limite,
989 2106 1054 2166 quo
1078 2106 1191 2166 margo
1215 2087 1369 2168 superior
1392 2091 1446 2150 ta·

202 2199 306 2262 bellae
337 2196 430 2259 905ss
458 2200 593 2259 ornatus
622 2199 685 2273 est,
722 2194 938 2275 conspicitur3
974 2193 1033 2256 viri
1059 2193 1149 2256 brevi
1181 2194 1295 2258 tunica
1334 2195 1446 2258 induti

201 2307 351 2373 ferociter
379 2325 416 2370 ac
443 2303 563 2368 lascive
584 2303 715 2369 saliunt.
760 2303 796 2366 In
819 2302 939 2368 tabella
961 2322 1092 2385 quoque
1115 2303 1266 2368 Parisina
1289 2304 1334 2387 (r.
1360 2305 1444 2368 Gan.

202 2415 292 2480 arch.
318 2419 399 2477 1880
422 2432 496 2494 pag.
522 2414 595 2491 107)
621 2411 830 2476 saltationem
853 2411 943 2474 vides
967 2410 1140 2492 depictam.

287 2522 454 2586 Mentione
487 2519 681 2600 dignissima
716 2519 846 2600 pictura
874 2518 1014 2582 tabellae
1046 2523 1106 2580 865
1138 2518 1165 2581 Α
1198 2518 1328 2583 videtur
1358 2540 1449 2601 esse,

203 2653 303 2714 quarn
338 2629 584 2709 Furtwaengler
627 2627 678 2690 his
717 2627 823 2690 verbis
851 2626 1034 2707 descripsit:
1074 2627 1203 2701 ,Reiter
1232 2625 1277 2691 im
1318 2629 1447 2692 Schritt

202 2742 287 2807 nach
319 2741 442 2817 rectrIS,
479 2738 641 2818 unbartig.
686 2737 755 2799 Aut
787 2735 863 2799 dem
890 2735 1184 2800 Schwanzansatze
1219 2736 1278 2800 des
1313 2737 1446 2803 Rosses

203 2851 290 2915 steht
313 2850 366 2913 ein
388 2848 511 2911 kleiner
534 2845 806 2910 bartloserMann
830 2843 902 2926 (der
918 2843 1016 2908 Rand
1038 2839 1123 2906 oben
1146 2845 1357 2910 verbinderte
1384 2847 1445 2911 ihn

203 2960 259 3023 ihn
296 2958 414 3038 grdber
448 2976 486 3018 zu
523 2953 648 3036 bilden)
684 2952 742 3016 der
777 2953 832 3015 mit
862 2952 979 3015 beiden
1006 2951 1147 3016 Handen
1176 2953 1288 3017 seinen
1321 2954 1446 3035 langen

204 3064 384 3130 'slehenden
409 3053 543 3126 Phallos
568 3061 723 3125 umlattt.“
771 3060 835 3123 Sed
858 3079 925 3123 non
948 3063 1086 3123 conatus
1109 3063 1159 3123 est
1181 3080 1254 3124 eam
1278 3061 1447 3144 interpre-

202 3175 274 3242 tari.
318 3175 392 3256 Ipse
427 3172 533 3254 igitur
560 3172 630 3234 eius
666 3169 711 3233 rei
742 3167 922 3250 periculum
954 3167 1081 3232 faciam.
1139 3169 1328 3249 inspicienti
1360 3171 1446 3235 mihi

203 3279 288 3365 opus
311 3281 390 3345 illud
413 3279 618 3354 Salamanni,
640 3279 731 3359 qnod
752 3276 938 3340 inscribitur
966 3276 1164 3358 ,Necropole
1193 3277 1233 3340 de
1257 3277 1446 3358 Camiros“,

203 3394 235 3456 in
262 3391 329 3455 tab.
359 3395 398 3452 57
426 3388 513 3454 vasis
541 3387 669 3469 pictura
697 3385 849 3462 occurrit,
878 3384 912 3447 in
941 3403 1006 3466 qua
1028 3383 1311 3464 praestigiatores,
1350 3388 1448 3468 quod

205 3501 292 3564 idem
316 3497 485 3579 inscriptio
509 3495 615 3573 docet,
639 3497 815 3577 apparent;
843 3492 876 3555 in
897 3492 991 3556 laevo
1013 3491 1113 3555 latere
1135 3491 1194 3554 viri
1219 3492 1252 3556 in
1279 3479 1448 3574 gradibus

204 3610 355 3672 sedentes
387 3603 606 3687 obstupefacti
634 3621 752 3667 manns
778 3601 910 3676 tollunt;
948 3604 1024 3664 ante
1051 3619 1108 3663 eos
1135 3600 1257 3664 tibicen
1289 3607 1371 3678 stat;
1413 3606 1448 3668 in

204 3719 339 3781 dextero
368 3715 417 3778 vir
443 3715 475 3777 in
497 3712 684 3793 longurium
708 3710 783 3774 eniti
808 3710 934 3786 studet;
965 3709 999 3772 in
1021 3707 1130 3772 medio
1154 3708 1238 3772 duos
1263 3730 1371 3791 equos
1396 3713 1449 3776 vi-

205 3827 334 3902 demae,
371 3843 511 3906 quorum
539 3822 572 3885 in
600 3821 704 3884 altero
730 3819 779 3883 vir
806 3817 911 3894 sedet;
944 3817 977 3880 in
1005 3820 1184 3880 extremam
1217 3821 1328 3883 autem
1366 3822 1449 3902 equi

205 3932 346 4016 spinam,
370 3932 426 3996 ubi
443 3930 550 3995 cauda
571 3929 694 4013 incipit,
718 3928 767 3991 vir
787 3926 901 3990 humili
916 3930 1043 3990 statura
1057 3925 1189 4004 insiluit,
1213 3926 1270 4007 qui
1286 3946 1448 4008 parmam

203 4019 339 4108 brachio
371 4044 486 4124 gestat.
531 4039 603 4104 Hae
642 4037 761 4120 equitis
795 4040 828 4099 et
858 4033 1117 4117 praestigiatoris
1151 4034 1277 4113 figurae
1304 4035 1451 4118 imagini

208 4189 292 4198 e..—--
452 4189 560 4195 ....—...
575 4187 607 4193 ..-

288 4289 307 4354 1)
326 4287 364 4342 Cf.
384 4287 464 4353 ,Ant
482 4287 612 4340 Denkm.“
632 4286 653 4349 Ι,
671 4283 727 4337 tab.
746 4281 815 4345 VIII,
833 4278 874 4332 20.

289 4381 308 4445 ²)
325 4380 468 4450 Inscriptio
487 4381 593 4448 integra
611 4383 652 4432 est
669 4393 721 4430 nec
738 4373 839 4428 Blassii
858 4371 1013 4424 coniectura
1024 4371 1184 4434 Ἀγαμέμνων
1196 4367 1313 4434 (Collitz,
1327 4370 1452 4430 Samml,

204 4475 304 4543 griech.
322 4475 529 4530 Dialectinschr.
550 4473 595 4537 III,
614 4487 674 4540 pag.
694 4468 739 4535 66)
756 4457 868 4536 probari
888 4467 983 4532 potest.
