3230 4942
210 397 327 460 ornata
363 391 617 475 conspiciuntur.
661 392 751 456 Haec
784 396 862 457 sunt
893 411 1009 475 parva,
1049 392 1103 457 illa
1134 395 1186 458 his
1218 395 1354 462 minora.
1398 397 1441 462 Ut
1471 372 1473 377 ,
1563 373 1565 379 ¹

209 503 294 567 hanc
328 502 504 584 imaginem
531 501 648 564 miram
671 501 914 583 interpretarer,
953 501 1168 568 nullomodo
1193 505 1270 570 mihi
1294 507 1437 587 contigit.

236 651 240 656 -
274 611 457 692 Descriptio
480 629 613 691 quoque
649 611 821 690 fragmenti
849 611 948 674 906ss
972 613 1157 694 supplenda
1193 619 1249 678 est.
1304 615 1440 679 Exstant

208 725 318 802 partes
349 719 520 783 inferiores
543 718 602 782 viri
626 718 719 796 nudi,
752 719 807 800 qui
831 720 959 784 laevum
984 720 1100 803 pedem
1125 741 1242 786 acervo
1265 723 1438 804 imposuit;
1493 746 1501 757 ··
1606 783 1607 794 ,

210 834 309 910 caput
346 828 435 891 virile
477 828 653 892 barbatum
697 827 786 908 quod
819 829 915 909 genui
943 833 1114 910 tamquam
1143 831 1279 894 affixum
1313 830 1440 893 videtur

207 958 287 1016 esse,
312 923 647 1018 Furlwaengler‘non
670 937 910 1001 animadvertit.
969 979 970 982 =

666 1348 980 1466 appendix.

540 1517 578 1598 Ι.
612 1518 676 1598 lle
702 1519 900 1600 crinium
927 1518 1104 1601 habitu.

289 1695 432 1758 Habitus
455 1695 646 1777 capillorum
669 1694 813 1776 Neptuni
835 1695 947 1758 varius
970 1699 1027 1758 est.
1072 1695 1131 1758 Cui
1154 1714 1345 1758 communes
1361 1697 1437 1756 sunt

206 1803 310 1867 crines
332 1823 391 1886 per
410 1803 567 1867 cervicem
590 1803 694 1881 effusi,
719 1802 773 1884 qui
791 1803 824 1866 in
839 1803 946 1885 capite
956 1802 1067 1868 taenia
1080 1803 1272 1884 saepissime
1287 1807 1437 1884 angusta,

206 1912 311 1976 rarius
342 1912 474 1988 latiore,
507 1911 714 1986 cohibentum
746 1931 987 1992 nonnunquam
1015 1930 1054 1974 ea
1080 1911 1113 1974 in
1136 1910 1262 1974 nodum
1286 1909 1438 1992 colligata

208 2025 258 2084 est
293 2021 338 2082 ita
376 2024 412 2083 ut
445 2023 609 2084 extremae
644 2025 753 2101 parles
789 2019 1008 2102 dependeant.
1056 2021 1120 2083 Pro
1154 2020 1265 2083 taenia
1294 2019 1436 2100 Neptuni

207 2133 307 2210 caput
348 2128 533 2192 diademate
568 2129 618 2192 vel
655 2147 778 2192 corona
814 2131 966 2191 ornatum
999 2131 1048 2192 est
1079 2128 1111 2191 in
1148 2129 1214 2192 tab.
1250 2133 1325 2205 384,
1366 2131 1437 2192 454.

207 2237 345 2316 Saepius
368 2236 476 2300 media
498 2237 530 2299 in
553 2237 659 2300 fronte
682 2237 787 2300 crines
810 2236 971 2315 retroacti,
995 2235 1144 2315 cincinni,
1168 2236 1257 2300 anuli
1274 2241 1434 2317 apparent

206 2350 239 2408 et
261 2345 366 2426 capilli
390 2346 422 2407 in
445 2345 563 2409 anulos
587 2345 702 2426 longos
725 2345 819 2408 divisi
843 2364 900 2427 per
921 2345 1076 2409 humeros
1098 2345 1256 2408 defluunt.

291 2453 428 2518 Omissis
464 2454 562 2517 rebus
599 2454 781 2518 minoribus
817 2458 882 2516 tres
917 2454 1061 2518 rationes
1103 2455 1238 2534 capillos
1282 2452 1434 2535 pectendi

206 2563 344 2628 discerni
374 2569 527 2644 possunt;
558 2563 673 2626 frontis
702 2564 786 2627 enirn
820 2564 926 2628 crines
948 2563 1115 2642 retroacti,
1147 2563 1306 2640 cincinni,
1346 2561 1435 2625 anuli

207 2675 326 2738 desunt
340 2677 371 2735 ct
393 2673 502 2754 capilli
526 2672 690 2754 simplices
713 2692 771 2753 per
794 2671 951 2736 cervicem
975 2673 1170 2754 dependent,
1193 2678 1250 2736 aut
1272 2671 1380 2735 media
1403 2670 1437 2733 in

206 2784 313 2846 fronte
336 2782 440 2845 crines
464 2782 658 2862 concrispati
682 2780 733 2844 vel
757 2782 789 2845 in
813 2781 929 2846 anulos
951 2782 1001 2846 vel
1024 2781 1056 2846 in
1080 2783 1266 2846 cincinnum
1285 2780 1436 2858 contorti,

207 2891 304 2954 ceteri
337 2894 444 2954 autern
477 2889 586 2971 capilli
609 2889 749 2970 simplici
772 2894 907 2972 coruptu
929 2895 1023 2970 sunt,
1061 2895 1118 2954 aut
1140 2890 1249 2954 media
1271 2890 1303 2952 in
1329 2891 1436 2953 fronte

205 3001 309 3063 crines
333 2999 448 3062 eodem
473 2998 574 3062 modo
597 2999 702 3062 ornati
725 3003 856 3062 suntet
885 2999 970 3079 longi
987 2999 1077 3063 anuli
1091 3000 1245 3062 humeros
1262 3000 1432 3078 obtegunt.

288 3107 407 3170 Rarius
430 3107 537 3188 capilli
559 3107 642 3170 infra
666 3107 822 3171 cervicem
846 3107 1039 3187 colligantur
1061 3109 1113 3192 (cf.
1136 3108 1202 3171 tab.
1237 3113 1311 3184 347,
1348 3107 1435 3188 486).

287 3215 400 3297 Neque
427 3215 599 3298 Neptunus
622 3216 726 3291 solua,
755 3215 930 3280 sedetiam
953 3215 1008 3279 alii
1031 3217 1089 3279 viri
1113 3216 1199 3280 hunc
1223 3217 1348 3279 varium
1372 3214 1434 3278 cri-

205 3325 296 3388 nium
319 3324 469 3388 habiturn
494 3323 680 3387 ostendunt.
1574 3404 1576 3420 1

289 3435 325 3496 ln
349 3452 502 3497 vasorum
521 3431 803 3497 Corinthiaeorum
831 3435 965 3515 picturis
980 3436 1115 3498 eaedem
1131 3435 1273 3500 rationes
1298 3434 1434 3515 capillos
1491 3422 1493 3424 ¹
1604 3451 1607 3483 ³

204 3542 354 3624 pectendi
378 3540 638 3622 conspiciuntur;
665 3546 701 3604 ut
724 3542 873 3624 exemplo
887 3547 971 3622 utar,
993 3543 1236 3625 Periclymenus
1251 3541 1433 3626 (r.Mon.d.

204 3652 230 3716 J.
261 3651 319 3726 Vl,
354 3653 405 3730 14)
440 3650 545 3714 crines
576 3650 691 3713 frontis
714 3654 894 3714 retroactos
916 3651 1017 3716 habet
1040 3657 1071 3715 et
1095 3653 1211 3732 longos
1234 3651 1352 3713 anulos
1375 3669 1434 3732 per

203 3759 359 3822 humeros
382 3757 619 3838 dependentes
648 3759 752 3822 crines
775 3758 874 3822 medii
897 3758 1013 3823 iudicis
1036 3760 1069 3822 in
1092 3758 1201 3822 Peliae
1223 3757 1308 3822 ludis
1340 3757 1434 3820 lune-

203 3865 317 3929 bribus
340 3865 442 3948 (Mon.
457 3866 488 3930 d.
510 3865 535 3930 J.
559 3865 598 3944 X,
621 3866 717 3948 4—5)
745 3867 861 3932 eodem
884 3868 1000 3945 modo,
1024 3871 1121 3949 atque
1143 3865 1287 3948 Neptuni
1310 3866 1343 3929 in
1366 3865 1434 3929 tab.

203 3979 279 4051 460,
307 3973 431 4055 compti
457 3979 541 4038 sunt.
586 3973 715 4038 Primus
738 3981 864 4054 autem,
889 3996 987 4057 quem
1010 3976 1215 4039 distinximus
1238 3975 1434 4056 capillorum

203 4082 335 4146 habitus
371 4082 403 4145 in
437 4083 523 4146 vasis
553 4088 622 4148 tarn
645 4083 760 4148 crebro
783 4084 960 4162 invenitur,
994 4089 1030 4147 ut
1053 4085 1201 4166 exempla
1223 4085 1294 4148 eius
1317 4084 1436 4148 afferre

203 4210 484 4274 supervacaneum
506 4193 556 4255 sit.

289 4299 329 4363 Hi
353 4289 469 4362 diversi
492 4304 644 4382 comptus
668 4301 729 4364 illis
752 4301 956 4383 temporibus
979 4300 1127 4364 Corinthi
1151 4303 1184 4366 in
1206 4323 1298 4368 more
1321 4305 1434 4370 viden-

206 4411 260 4471 tur
282 4408 382 4470 luisse
404 4409 490 4489 apud
516 4409 602 4471 viros
625 4409 802 4472 nobiliores
825 4411 857 4472 et
879 4408 1055 4487 divitiores
1080 4411 1298 4492 magistratus,
1322 4433 1433 4478 sacer-
