3230 4942
805 277 841 331 24

211 429 368 510 apparet,
396 426 517 507 quibus
541 426 743 507 significatur
765 445 881 490 navem
903 426 989 490 vasis
1012 429 1180 490 oneratam
1203 425 1319 503 fuisse,
1353 445 1437 506 quae

214 535 247 599 in
270 534 350 598 alias
372 538 475 598 terras
498 535 789 618 exportarentur¹).

176 725 177 728 Ἴ
294 644 444 726 Denique
467 645 507 708 de
529 645 649 708 tabella
677 648 816 708 contusa
839 649 899 706 652
923 643 1013 707 brevi
1036 643 1211 708 dicendum
1234 647 1293 707 est.
1338 643 1438 707 Cuius

211 753 245 816 in
266 752 393 833 pictura
415 752 525 816 media
544 771 621 833 pars
644 752 737 816 navis
761 751 859 815 remis
882 752 1069 830 instructae,
1104 751 1160 834 qui
1182 771 1200 815 e
1222 751 1438 817 foraminibus

212 861 247 924 in
269 861 378 926 alvum
401 861 494 924 navis
530 861 714 925 terebratae
747 860 953 942 prominent,
995 860 1206 943 conspicitur:
1241 860 1438 925 lineamenta

211 971 396 1054 palmarum
418 956 594 1048 minorum,
617 989 703 1051 quae
724 960 831 1034 ne'ad
853 969 908 1034 illa
930 969 1092 1034 foramina
1114 969 1248 1050 quidem
1270 973 1439 1052 porrectae

213 1082 309 1158 sunt,
351 1097 452 1162 supra
475 1098 583 1142 remos
606 1082 748 1154 exstant;
787 1078 1029 1160 furtwacngler
1051 1097 1178 1142 canon
1201 1077 1441 1143 animadvertit·
1545 1139 1552 1164 ,

214 1187 288 1266 Qua
309 1187 452 1275 imagine
474 1187 659 1252 biremem
690 1187 927 1269 repraesentari
961 1187 1129 1265 existimo,
1153 1186 1212 1251 etsi
1246 1187 1331 1251 bene
1360 1187 1439 1250 mihi

214 1297 366 1362 conscius
389 1317 463 1361 sum
484 1297 571 1360 hanc
594 1297 846 1379 explicationem
884 1316 952 1361 non
974 1300 1065 1360 extra
1105 1315 1237 1360 omnem
1260 1296 1440 1361 dubitatio·

214 1427 291 1472 nem
319 1427 400 1472 esse.
444 1407 535 1470 Nam·
562 1426 629 1470 non
660 1405 779 1470 iniuria
813 1405 977 1488 quispiam
1012 1405 1129 1470 dixerit
1161 1405 1319 1488 pictorem
1344 1405 1440 1469 huius

214 1517 371 1594 tabellae,
409 1515 435 1579 si
468 1515 625 1580 biremem
652 1515 785 1597 pingere
808 1514 982 1593 voluisset,
1020 1514 1206 1596 superiores
1241 1533 1350 1578 remos
1373 1534 1440 1577 non

214 1631 281 1691 lam
304 1626 418 1690 breves
454 1630 485 1689 et
507 1643 628 1706 parvos
663 1624 904 1707 descripturum
932 1625 1043 1688 fuisse.
1087 1624 1152 1688 Sed
1185 1623 1275 1688 baud
1306 1624 1374 1688 scio
1397 1644 1439 1687 an

212 1735 462 1816 antiquissimus
485 1734 538 1798 ille
559 1735 674 1798 artifex
704 1734 874 1816 remigium
898 1733 990 1798 navis
1021 1733 1137 1798 melius
1159 1733 1311 1816 penicillo
1334 1733 1440 1797 imita-

211 1843 307 1907 rinon
340 1844 492 1926 potuerit,
538 1843 661 1908 Contra
699 1843 812 1923 negari
850 1842 964 1924 nequit
998 1841 1215 1907 foraminibus
1246 1842 1307 1905 illis
1335 1861 1440 1923 paene

212 1972 273 2035 pro
295 1956 383 2016 certo
423 1952 640 2017 demonstrari
675 1971 795 2016 navem
833 1970 905 2015 esse
943 1951 1111 2015 biremem.
1155 1951 1268 2032 Neque
1297 1950 1440 2014 enimin

212 2062 352 2126 navibus
371 2081 438 2126 uno
462 2061 575 2127 ordine
597 2081 764 2125 remorum
784 2060 950 2124 instructis
974 2060 1053 2124 remi
1081 2079 1140 2144 per
1162 2060 1324 2124 foramina
1347 2060 1440 2123 emit-

212 2171 375 2250 tebantur,
399 2170 457 2235 sed
471 2171 513 2234 ad
528 2171 635 2252 ipsum
650 2169 832 2250 marginem
852 2169 946 2233 navis
969 2169 1171 2252 superiorem
1186 2168 1440 2252 affigebantur2).

726 2325 924 2332 ———-

300 2471 376 2555 vl.
415 2472 748 2574 namuurum,
775 2472 1018 2572 mllltlhua
1044 2470 1351 2556 venatorlbun

295 2621 397 2703 Equis
420 2622 530 2686 invehi
553 2622 741 2688 Corinthios
765 2641 966 2704 magnopere
988 2623 1119 2687 iuvasse
1142 2623 1278 2700 videtur,
1310 2642 1384 2686 cum
1407 2621 1439 2685 in

212 2731 340 2796 tabellis
371 2749 529 2814 persaepe
564 2731 690 2813 equites
720 2736 911 2814 appareant.
962 2731 1025 2808 Qui
1058 2731 1159 2796 modo
1189 2731 1318 2797 barbati
1340 2731 1440 2795 modo

213 2841 390 2920 imberbes,
413 2840 493 2905 nudi
517 2844 574 2905 aut
593 2841 685 2906 brevi
706 2841 818 2906 tunica
840 2841 963 2920 induti,
986 2835 1116 2906 brevem
1141 2841 1288 2923 equitum
1311 2842 1439 2905 hastam

213 2955 267 3015 aut
292 2950 474 3033 scipionem
496 2954 634 3034 gestant.
686 2951 932 3033 Nonnunquam
969 2954 1069 3031 caput
1106 2970 1220 3033 eorum
1243 2950 1371 3014 casside
1392 2954 1442 3013 est

212 3063 344 3124 tectum.
377 3060 477 3124 Modo
499 3079 586 3124 unus
609 3063 668 3137 est,
690 3059 790 3124 modo
812 3060 921 3143 plures
944 3064 1110 3124 suntuna
1133 3064 1190 3123 aut
1212 3065 1327 3124 contra
1349 3059 1441 3141 equi-

214 3171 332 3232 tantes
374 3168 512 3249 Saepius
536 3187 668 3250 quoque
691 3169 816 3251 equites
839 3188 953 3251 equos,
986 3169 1027 3233 de
1050 3169 1170 3250 quibus
1193 3168 1440 3246 descenderunt,

215 3276 285 3341 lora
306 3276 461 3340 manibus
483 3281 633 3342 tenentes
656 3277 835 3356 abducunt.
847 3278 875 3360 ⁸)
918 3277 1031 3360 Equus
1055 3282 1169 3342 contra
1191 3279 1321 3342 vincula
1343 3282 1442 3341 tenax

214 3385 248 3448 in
271 3386 338 3450 tab.
362 3391 422 3449 856
446 3386 589 3468 punitur.
602 3387 629 3469 ⁴)
660 3386 766 3451 Etiam
790 3381 866 3468 equi
888 3386 948 3452 soli
972 3391 1143 3469 apparent.

298 3554 318 3619 ¹)
336 3553 393 3621 Qua
415 3554 443 3608 in
460 3554 564 3608 tabella
580 3570 642 3608 cunr
652 3553 809 3608 Corinthios
822 3556 1016 3608 commercium
1031 3571 1160 3609 vasorum
1179 3572 1228 3624 per
1240 3556 1329 3609 maria
1346 3554 1443 3608 fecisse

214 3647 401 3716 perspicietur,
420 3647 487 3714 quid
505 3652 546 3726 est
563 3663 612 3700 cur
629 3647 691 3700 illos
709 3647 737 3700 in
755 3647 865 3701 Etruria
891 3653 918 3700 et
942 3646 972 3700 in
996 3648 1058 3701 aliis
1086 3648 1181 3702 ltaliae
1198 3649 1358 3716 regionibus
1377 3664 1442 3700 vasa

214 3740 370 3794 venditasse
387 3738 520 3807 negetur?

299 3829 320 3898 ²)
338 3830 378 3884 De
396 3829 530 3883 eiusmodi
549 3829 702 3883 biremibus
720 3847 745 3884 v.
764 3831 870 3900 Helbig,
889 3831 938 3884 das
956 3831 1035 3884 Hom.
1054 3831 1133 3900 Epos
1152 3847 1212 3900 pag.
1221 3830 1262 3890 56,
1281 3847 1325 3898 sq;
1344 3830 1444 3894 Micali,

214 3924 285 3976 Mon.
305 3927 360 3976 ant.
378 3923 433 3975 tab.
456 3922 512 3986 103,
528 3925 552 3975 2.
569 3921 593 3975 3.

298 4015 319 4078 ff)
337 4015 368 4068 ln
386 4014 504 4068 tabellae
520 4013 571 4068 555
589 4013 696 4082 picture
714 4014 871 4068 inaccurata
896 4015 972 4068 vides
998 4013 1130 4083 reliquias
1156 4015 1238 4070 unius
1266 4016 1307 4068 vel
1324 4015 1442 4068 duorum

215 4125 358 4176 equorum,
376 4124 446 4177 quos
464 4108 522 4160 lora
540 4113 635 4162 tenens
654 4107 695 4161 vir
712 4108 844 4161 barbatus
860 4108 984 4162 celeriter
1001 4108 1145 4177 praecedit.
1173 4109 1256 4163 Cuius
1272 4108 1442 4162 mentionem

215 4201 284 4255 facio
308 4205 451 4269 propterea
478 4202 552 4268 quod
583 4201 654 4254 inter
684 4217 743 4254 eam
775 4206 801 4253 et
826 4206 984 4270 prostypum
1013 4201 1079 4254 illud
1098 4201 1272 4269 Mycenaeum
1292 4202 1443 4256 similitudo

215 4293 351 4362 quaedam
371 4298 419 4346 est

298 4388 318 4450 ¹)
336 4385 392 4450 Vir,
410 4385 457 4453 qui
476 4385 505 4437 in
523 4385 578 4437 lab.
596 4385 646 4436 562
663 4391 775 4452 apparet
793 4383 837 4449 (cf.
855 4385 954 4439 furtw.
974 4386 1071 4450 deser.)
1090 4387 1166 4438 laeva
1188 4401 1272 4440 manu
1290 4387 1348 4438 lora
1365 4391 1442 4440 tenu·

215 4479 267 4533 isse
285 4479 405 4542 videtur;
423 4478 534 4532 dextera
553 4493 608 4530 non
627 4477 734 4546 rhyton,
752 4477 799 4530 sed
817 4477 916 4530 fustem
934 4483 1030 4546 gestat.
