3230 4942
766 277 802 332 25

688 357 748 365 o--n
764 358 794 364 -,.
806 358 813 363 .
823 358 831 361 .,
844 357 882 362 .,....

255 428 425 509 Equorum
439 427 722 492 Corinthiaoorum
745 430 851 509 figura
874 428 1004 492 diversa
1027 429 1076 489 est
1098 425 1140 489 ab
1163 445 1211 502 ea,
1236 444 1301 506 qua
1325 423 1400 504 equi

173 538 205 601 in
228 537 451 602 monumentis
474 537 589 601 Atticis
629 558 701 601 esse
732 539 846 602 solent.
904 537 1015 618 Equus
1052 535 1138 599 enim
1172 532 1399 598 Corinthiacus

172 646 395 728 magnitudine
417 645 553 726 insignis
572 665 708 726 corpore
731 646 899 736 graciliore
917 649 949 708 et
968 643 1152 726 proceriore
1174 647 1236 718 est;
1261 642 1400 723 pedibus

171 757 244 819 altis
277 755 416 820 firmitas
449 775 514 818 non
537 755 638 819 deest.
682 755 804 819 Contra
834 775 952 835 corpus
985 753 1064 834 equi
1097 752 1192 816 Attici
1228 751 1399 814 altitudine

149 865 333 933 interioris
356 865 454 929 breve
478 870 528 928 est
549 869 647 946 atque
661 865 833 928 robustum
858 883 898 928 ne
921 864 1028 928 dicam
1052 882 1214 935 crassum,
1246 865 1277 924 et
1300 860 1400 941 pedes

172 974 273 1039 habet
293 975 408 1038 breves
442 979 541 1056 atque
572 979 771 1055 compactos.
815 972 880 1037 Sed
904 973 936 1036 in
969 971 1096 1036 tabellis
1120 969 1252 1052 quoque
1276 975 1308 1032 et
1330 969 1400 1034 aliis

172 1083 393 1147 monumentis
439 1083 654 1147 Corinthiacis
700 1083 775 1164 equi
816 1082 1062 1165 conspiciuntur
1096 1079 1212 1144 Atticis
1245 1079 1398 1142 simillimi

172 1211 278 1273 neque
310 1191 344 1255 in
366 1181 481 1255 Atticis
514 1191 733 1254 monumentis
756 1210 916 1272 equorum
953 1190 1059 1254 forma
1082 1187 1290 1253 Corinthiaca
1312 1187 1399 1250 desi-

172 1301 314 1365 deratur.
1230 1275 1241 1289 ⁸

257 1409 378 1474 Crebro
410 1409 529 1474 milites
563 1415 620 1473 aut
655 1429 714 1492 per
735 1408 911 1473 anricitiam
950 1413 1007 1472 aut
1029 1427 1087 1490 per
1108 1407 1294 1471 inimicitias
1317 1426 1395 1469 con-

172 1539 304 1599 gressos
327 1519 359 1582 in
383 1519 511 1582 tabellis
528 1518 627 1582 vides
673 1518 771 1582 Modo
794 1518 871 1581 nudi
896 1518 997 1582 modo
1020 1517 1154 1585 thorace
1186 1517 1237 1579 rel
1260 1515 1399 1597 simplici

172 1628 302 1692 chilone
325 1627 430 1692 induti
452 1627 623 1705 cassidem,
647 1647 807 1709 parmam,
830 1647 954 1704 ocreas
976 1613 1106 1690 hastam
1131 1631 1257 1706 gerunt.

254 1738 326 1802 Hoc
345 1737 418 1801 loco
442 1757 507 1800 non
532 1737 673 1801 alienum
706 1739 755 1800 est
777 1735 817 1800 de
854 1736 952 1800 armis
988 1735 1128 1799 militum
1150 1755 1258 1815 pauca
1280 1734 1398 1797 dicere.

173 1847 284 1911 Cossis
308 1846 517 1910 Corinthiaco
538 1866 621 1924 non,
658 1851 694 1909 ut
715 1845 842 1922 Attica,
867 1845 966 1927 capiti
987 1865 1022 1908 se
1045 1844 1197 1927 applicat,
1221 1845 1279 1907 sed
1303 1843 1399 1908 altius

173 1959 221 2018 est
245 1975 404 2032 convexa3
428 1974 531 2036 genae
553 1954 684 2019 laminis
707 1959 876 2037 teguntur,
908 1955 954 2018 ita
976 1960 1012 2018 ut
1035 1974 1137 2035 parva
1160 1973 1236 2034 pars
1260 1953 1351 2017 faciei
1378 1973 1398 2016 a

173 2064 243 2128 telis
266 2063 439 2128 hostilibus
461 2083 528 2128 non
551 2067 621 2128 tuta
644 2063 694 2128 sit.
741 2063 919 2128 Cristarum
941 2063 1048 2127 forma
1070 2063 1163 2128 varia
1186 2066 1249 2125 est:
1282 2061 1400 2142 longae

172 2178 271 2255 atque
293 2173 378 2236 latae
400 2177 457 2237 aut
487 2173 565 2253 ipsis
581 2173 771 2236 cassidibus
794 2172 947 2236 convexis
977 2172 1096 2236 affixae
1119 2175 1195 2235 sunt
1221 2175 1277 2234 aut
1306 2191 1400 2251 prae-

170 2283 255 2346 fixae
277 2282 311 2345 in
333 2281 439 2346 bullas
461 2282 512 2346 vel
541 2283 658 2346 tubera
681 2301 698 2345 e
721 2301 852 2346 summa
874 2281 1001 2345 casside
1032 2279 1251 2362 prominentia
1274 2280 1397 2361 depen-

170 2391 262 2465 dent;
286 2390 452 2455 rarissime
471 2391 601 2455 duabus
624 2390 729 2454 cristis
751 2390 915 2472 utrimque
943 2389 1092 2454 demissis
1115 2389 1217 2453 cassis
1239 2389 1398 2452 instructa

171 2505 220 2564 est
241 2501 288 2584 (iu
309 2500 378 2564 tab.
401 2507 474 2577 7963
498 2501 537 2564 cl.
561 2499 647 2564 Anu.
671 2501 701 2564 d.
718 2501 744 2564 J.
761 2505 841 2562 1864
863 2504 929 2564 tav.
948 2500 1052 2582 d’agg.
1076 2500 1179 2570 O.P.;
1203 2499 1228 2561 J.
1252 2497 1289 2562 of
1309 2498 1392 2560 Hell.

173 2609 259 2672 stud.
283 2610 306 2688 1,
330 2615 384 2686 313
409 2647 447 2654 -κ
471 2609 628 2688 Gerhard,
652 2610 692 2673 A.
716 2610 776 2673 Vb.
800 2609 853 2688 HI,
878 2615 947 2687 208,
972 2613 1031 2672 etc.

257 2717 392 2782 Thorax
414 2719 583 2800 usquead
607 2739 706 2782 coxas
742 2718 906 2800 pertinens
940 2717 1129 2798 angustiore
1151 2717 1251 2780 limite
1275 2717 1399 2796 prorui-

172 2832 270 2890 nente
292 2827 412 2890 linitur.
456 2828 525 2892 Sub
548 2828 684 2892 thorace
707 2827 898 2908 saepissime
921 2827 1032 2891 chiton
1055 2825 1185 2907 geritur.

255 2935 291 2999 ln
324 2935 491 3000 armandis
532 2936 738 3000 interioribus
773 2935 921 3017 corporis
956 2935 1105 3017 partibus
1143 2935 1301 2998 Corinthii
1337 2935 1398 2996 illis

172 3045 377 3126 temporibus
400 3065 553 3126 magnam
577 3065 690 3109 curam
714 3049 813 3127 atque
837 3045 1039 3125 diligentiam
1062 3049 1252 3126 posuerunt.
1286 3045 1398 3126 Neque

172 3155 258 3218 enirn
282 3173 377 3218 crura
400 3157 551 3232 tanturn,
588 3154 646 3218 sed
675 3154 848 3244 aliquoties
884 3153 983 3218 etiam
1018 3153 1145 3218 ternora
1181 3153 1284 3218 ocreis
1321 3157 1398 3216 sunt

172 3267 259 3327 tecta
281 3263 334 3346 (cl.
357 3263 423 3327 tab.
436 3267 506 3341 595,
532 3263 647 3346 796B).
679 3263 924 3344 Nonnunquam
946 3263 1073 3327 femora
1095 3283 1153 3346 pro
1179 3263 1284 3327 ocreis
1307 3262 1400 3326 lineis

173 3371 348 3452 spiralibus
370 3372 529 3436 instructa
557 3371 678 3451 cernis,
715 3372 768 3448 tol.
800 3372 866 3436 tah.
890 3377 962 3448 591,
994 3373 1067 3453 669)
1102 3391 1186 3454 quae
1210 3371 1345 3453 saepius
1367 3372 1401 3434 in

173 3481 261 3545 vasis
284 3501 417 3562 quoque
440 3486 599 3562 apparent
624 3481 675 3564 (cl.
700 3481 804 3560 Gerh,
824 3482 863 3546 A.
874 3481 934 3545 Vh.
949 3482 988 3560 ll,
1014 3488 1082 3559 122,
1108 3487 1184 3558 1233
1209 3483 1296 3546 Mon.
1320 3483 1349 3544 d.
1373 3482 1401 3544 J.

173 3589 224 3668 Vl,
248 3595 286 3652 78
301 3591 382 3671 eto).
429 3589 515 3667 Quid
538 3591 601 3654 hae
624 3591 759 3672 spirales
782 3591 843 3654 sihi
867 3591 967 3654 velint
987 3611 1093 3673 usque
1115 3592 1158 3654 ad
1181 3591 1245 3655 hoc
1267 3595 1398 3671 tempus

173 3699 268 3762 valde
291 3699 452 3764 incertum
475 3704 533 3764 est.
580 3700 669 3776 Quas
692 3699 833 3764 artifices
857 3699 1011 3781 pinxisse,
1036 3720 1112 3764 cum
1134 3705 1191 3764 aut
1214 3700 1397 3765 obsoletam

173 3807 310 3872 militum
334 3814 534 3872 armaturam
559 3809 591 3870 in
614 3807 806 3872 memoriam
825 3828 979 3873 revocare
992 3809 1111 3872 vellent
1133 3813 1190 3872 aut
1212 3808 1400 3891 antiquiora

174 3915 373 4000 exemplaria
395 3917 615 3998 picturarum,
651 3917 685 3980 in
708 3917 828 3998 quihus
851 3936 966 3982 ocreas
988 3917 1061 3981 illas
1083 3917 1230 3999 depictas
1253 3917 1400 3981 invenie·

173 4025 263 4104 bant,
286 4045 353 4089 non
377 4024 464 4090 satis
478 4027 561 4090 bene
583 4025 746 4090 intellecta
769 4026 982 4104 imitarentur,
1007 4046 1047 4090 ea
1069 4026 1108 4089 de
1131 4046 1233 4091 causa
1254 4046 1396 4107 negave-

174 4135 245 4214 rim,
270 4135 348 4216 quia
370 4134 403 4198 in
426 4135 552 4198 tabellis
591 4135 738 4199 eiusdem
761 4135 877 4198 aetatis
900 4139 932 4199 et
953 4154 1048 4198 verae
1071 4154 1188 4200 ocreae
1210 4140 1242 4200 et
1264 4135 1398 4218 spirales

174 4243 428 4324 conspiciuntur.
486 4244 559 4306 Mea
594 4243 705 4324 opinio
740 4243 824 4307 haec
854 4247 915 4307 est:
954 4263 1029 4306 cnm
1059 4262 1174 4307 ocreae
1203 4265 1243 4308 ex
1265 4244 1397 4308 laminis

174 4351 284 4416 aeneis
306 4351 411 4416 factae
443 4352 580 4415 fortasse
603 4352 699 4416 nimis
729 4371 845 4432 graves
879 4357 910 4415 et
933 4351 1088 4415 militibus
1122 4353 1238 4416 maiori
1261 4352 1401 4434 impedi-

174 4463 286 4525 mento
309 4463 430 4542 essent,
452 4459 577 4524 femora
601 4479 674 4524 aere
697 4461 730 4523 in
753 4459 887 4543 spirales
910 4464 1078 4538 contort0,
1102 4461 1192 4542 quod
1214 4461 1398 4542 gladiorum
