3230 4942
762 311 795 364 21

167 465 241 525 tura
263 462 360 544 plane
382 460 557 525 dissimiles
581 464 664 524 sunt.
720 459 877 524 Videmus
908 458 1021 539 igitur,
1053 477 1112 540 per
1146 462 1228 539 quot
1265 460 1396 523 saecula

167 570 325 634 continua
348 569 523 634 traditione
546 569 578 632 id
600 574 766 634 servatum
789 569 840 644 sit,
865 568 954 649 quod
978 568 1020 631 ad
1043 587 1140 630 usum
1163 568 1394 632 accommoda-

165 683 236 742 tum
257 679 478 743 vetustissima
501 682 608 742 aetate
630 680 715 742 bene
737 679 905 740 inventum
930 682 961 740 et
983 675 1235 758 comprobatum
1257 682 1334 741 erat.

250 789 499 853 Recentioribus
523 789 660 853 saeculis
683 807 764 851 vasa
786 806 853 850 non
877 787 943 866 igni
966 785 1028 867 ipsi
1046 790 1265 867 exponuntur,
1289 787 1393 850 sedin

165 899 378 980 receptaculis
400 899 562 981 (Muffeln)
594 898 788 962 conduntur.
841 897 959 959 Utrum
981 895 1125 959 Romani
1149 899 1181 958 et
1203 895 1317 959 Graeci
1340 916 1394 960 ea·

164 1008 240 1071 dem
264 1009 391 1073 ratione
426 1027 506 1071 vasa
533 1007 743 1071 concoxerim
777 1025 879 1069 necue
914 1005 1115 1085 ignoramus,
1167 1004 1394 1069 Corinthiacus

165 1121 276 1181 autem
299 1116 417 1197 figulos
450 1120 556 1180 aetate
578 1115 632 1179 illa.
663 1115 756 1178 aliter
778 1115 892 1178 fecisse
915 1134 955 1177 ex
978 1114 1099 1178 tabella
1122 1115 1223 1176 caah
1247 1118 1393 1196 apparet.
1459 1138 1461 1142 ·

165 1226 396 1302 Quaerendum
422 1229 532 1289 autem
555 1229 614 1303 est,
637 1224 807 1306 quomodo
830 1222 1024 1305 impeditum
1047 1223 1100 1299 sit,
1123 1223 1300 1304 quominus
1314 1242 1395 1287 vasa

165 1335 256 1398 fumo
279 1333 537 1414 denigrarentur.
587 1333 746 1415 Equidem
774 1333 893 1414 opinor
914 1333 1032 1413 figulos
1067 1333 1099 1395 in
1123 1333 1197 1413 igne
1220 1332 1393 1396 nutriendo

165 1443 290 1525 lignum
312 1441 414 1506 viride
437 1442 625 1523 repudiasse
649 1446 681 1505 et
702 1441 922 1505 aridissimum
947 1445 1073 1504 tantum
1106 1443 1205 1523 atque
1234 1441 1393 1505 carbones

166 1552 373 1628 adhibuisse,
397 1552 516 1634 quibus
539 1550 756 1633 flagrantibus
787 1552 896 1614 fumus
929 1551 1062 1614 nonita
1095 1570 1237 1631 magnus
1260 1551 1393 1616 exsist't.

252 1660 352 1724 Cuius
374 1660 516 1724 fornacis
540 1664 703 1723 structura
726 1661 823 1722 etiam
842 1659 1051 1740 perspicuum
1075 1661 1121 1736 fit,
1144 1660 1314 1741 quomodo
1327 1659 1394 1724 fac-

167 1775 238 1832 tum
262 1770 319 1846 sit,
355 1774 390 1832 ut
417 1789 518 1833 unum
550 1770 636 1834 latus
667 1789 820 1832 vasorum
852 1768 983 1850 saepius
1013 1789 1120 1850 aequo
1150 1768 1223 1852 plus
1254 1769 1327 1849 igne
1354 1769 1396 1832 sit

165 1879 329 1942 adustum.
374 1879 457 1942 Nam
478 1879 637 1942 lateribus
660 1878 867 1941 inferioribus
891 1897 1014 1954 eorum,
1047 1897 1131 1958 quae
1157 1877 1223 1960 igni
1245 1878 1394 1958 proxima

165 1989 197 2052 in
222 1988 303 2052 tholi
324 1989 426 2052 fundo
450 1989 557 2072 posita
580 1994 682 2066 erant,
706 1988 851 2052 maxima
874 1988 921 2050 vis
944 1987 1027 2068 ignis
1050 1987 1244 2051 sustinenda
1266 1992 1343 2052 erat.

250 2097 334 2161 Cum
356 2117 446 2175 vasa,
470 2101 506 2160 ut
528 2099 561 2160 in
583 2097 703 2161 tabella
725 2097 780 2160 illa
801 2097 961 2174 videmus
985 2096 1074 2160 aliud
1096 2116 1194 2177 super
1208 2097 1297 2160 aliud
1319 2117 1393 2179 per-

164 2207 266 2270 mixte
289 2225 396 2286 neque
418 2207 504 2270 iusto
540 2206 655 2270 ordine
681 2207 712 2268 in
736 2206 880 2270 cratibus
903 2206 1013 2270 ferreis
1037 2206 1284 2284 collocarentur,
1324 2227 1392 2271 non

164 2320 215 2379 est
237 2317 356 2378 mirum
380 2335 418 2379 ea
442 2319 557 2379 mutuo
579 2335 696 2396 pressu
720 2335 818 2397 saepe
839 2315 1026 2397 inaequalia
1046 2336 1118 2380 esse
1140 2315 1275 2381 reddita.
1326 2317 1392 2382 Sed

164 2425 314 2489 existimo
338 2445 418 2488 vasa
439 2425 665 2490 artificiosiora
687 2426 749 2489 hoc
769 2425 869 2490 modo
890 2444 957 2490 non
977 2426 1059 2490 bene
1074 2426 1234 2507 concoqui
1245 2427 1391 2508 potuisse

164 2555 272 2616 neque
296 2534 419 2612 dubito,
452 2534 531 2616 quin
561 2535 598 2597 iis
631 2535 838 2616 perficiendis
872 2535 978 2599 maior
1004 2555 1081 2599 cura
1104 2535 1392 2618 atquediligentia

164 2643 314 2708 adhibita
335 2643 388 2705 sit,

250 2752 381 2816 Praeter
404 2752 462 2816 has
485 2753 636 2816 fornaces
659 2753 811 2833 figulares
834 2753 917 2817 aliae
940 2755 971 2817 in
994 2753 1121 2818 tabellis
1145 2759 1283 2819 exstant.
1308 2756 1390 2833 Qui·

164 2863 226 2926 bus
250 2861 358 2925 tholus
382 2866 518 2925 estnon
543 2861 812 2940 semicirculatuS,
835 2861 894 2925 sed
914 2862 1087 2943 oblongior
1111 2863 1280 2944 magisque
1301 2883 1389 2928 erec-

162 2976 233 3046 tus;
266 2970 453 3052 praefumio
478 2973 598 3034 carent.
643 2971 676 3033 ln
700 2970 827 3034 tabellis
851 2977 923 3049 610,
945 2978 1022 3049 637,
1047 2977 1104 3034 811
1131 2973 1292 3036 eiusmodi
1327 2974 1392 3038 for-

162 3099 264 3144 naces
287 3078 388 3142 vides
433 3079 504 3142 Hae
526 3098 660 3162 quoque
683 3081 762 3161 quin
784 3080 938 3161 figulares
962 3081 1160 3159 habeantur,
1183 3081 1263 3145 nihil
1287 3083 1390 3164 impe-

162 3191 223 3264 dit;
252 3188 403 3269 Aegyptii
426 3188 513 3250 enim
534 3188 599 3251 iam
622 3189 858 3270 antiquissimis
874 3190 1077 3270 temporibus
1100 3190 1303 3255 huiusmodi
1325 3193 1391 3255 for-

162 3298 300 3362 nacibus
324 3297 365 3360 ad
389 3315 466 3360 vasa
482 3297 720 3377 concoquenda
741 3298 792 3361 usi
808 3303 884 3361 sunt
907 3304 938 3362 et
960 3299 1119 3378 imagines
1141 3320 1273 3382 quoque
1296 3321 1391 3364 vaso-

163 3409 236 3470 rum
261 3404 458 3468 Graecorum
474 3407 500 3485 1)
535 3405 673 3468 similem
704 3407 842 3471 formam
877 3408 1006 3471 docent.
1051 3409 1122 3472 Duo
1150 3409 1247 3490 igitur
1269 3429 1389 3492 genera

163 3519 335 3580 fornacum
357 3515 542 3594 figularium
565 3515 704 3578 fortasse
726 3515 759 3578 in
781 3517 908 3580 tabellis
933 3517 1090 3581 videmus.

248 3625 283 3687 ln
307 3623 471 3688 nonnullis
506 3625 634 3694 tabellis
657 3625 812 3688 tertiam
845 3646 883 3689 ac
913 3627 1055 3690 maxime
1092 3627 1286 3692 diversam
1313 3631 1390 3693 for-

161 3755 261 3799 mam
277 3733 497 3815 conspicimus
513 3733 565 3814 (cl.
582 3735 646 3799 tab.
670 3739 740 3813 643,
765 3739 826 3798 808
848 3735 884 3814 Β,
909 3741 970 3799 600
992 3736 1042 3819 Β).
1064 3737 1133 3800 Has
1156 3737 1307 3802 fornaces
1329 3738 1390 3801 hu-

161 3843 317 3908 millimas
342 3843 460 3922 quihus
483 3843 707 3925 praefurnium
731 3844 839 3922 deest,
873 3863 1065 3925 comparare
1087 3846 1160 3911 licet
1183 3867 1256 3911 cum
1279 3848 1389 3930 parvis

161 3953 235 4036 pilis
258 3951 308 4014 vel
332 3951 537 4033 columnis²);
562 3951 681 4015 ostium
704 3957 753 4016 est
775 3953 887 4032 latum,
912 3975 969 4036 per
992 3956 1082 4035 quod
1103 3957 1258 4021 flammae
1281 3977 1390 4020 erum-

160 4066 258 4146 punt;
282 4059 423 4141 operarii
445 4060 551 4139 longis
565 4061 657 4125 ferris
677 4063 900 4142 praecurratis
914 4063 964 4126 vel
987 4065 1020 4127 in
1043 4067 1189 4130 extremo
1211 4066 1276 4130 fine
1298 4071 1389 4130 tran·

227 4235 235 4240 Α.
247 4233 371 4240 -..,...-.-.-..
397 4235 401 4237 .

247 4323 267 4387 ¹)
285 4322 317 4374 cf.
336 4321 485 4373 Bluemner
502 4321 518 4372 l.
537 4338 558 4373 c.
577 4321 609 4384 Il,
627 4337 687 4389 pag.
706 4321 746 4384 47,
765 4322 812 4389 fig.
830 4322 854 4374 8.

247 4415 268 4478 ²)
287 4413 417 4466 Conferas
436 4412 583 4475 fornacem,
601 4429 671 4480 quae
691 4412 719 4465 in
737 4419 866 4482 prostypa
885 4414 1066 4482 Neapolitano
1084 4421 1133 4479 est,
1152 4418 1224 4484 quod
1242 4418 1390 4472 Bluemner

161 4511 177 4562 l.
197 4526 219 4560 c.
239 4507 283 4570 lll,
301 4506 358 4559 tab.
377 4507 421 4569 lll,
440 4505 486 4572 fig.
503 4507 543 4557 24.
566 4535 598 4540 -
616 4522 676 4572 pag.
695 4506 743 4558 251
762 4523 801 4572 sq.
820 4504 943 4574 depinxit
960 4512 1043 4574 atque
1061 4508 1209 4576 descripsit.
1255 4527 1258 4534 ·
