3230 4942
705 271 857 357 Aa,
895 352 903 356 .

191 415 280 499 picta
303 416 379 482 sint.
435 417 483 481 De
507 419 627 483 tabella
662 425 772 485 autem
794 421 849 486 illa
871 422 1022 488 Parisina
1043 422 1095 507 (cf,
1117 422 1191 488 Gar.
1214 421 1303 488 arch.
1341 427 1428 484 1880

190 544 265 606 pag.
291 525 374 608 105),
404 545 490 608 quae
519 528 663 608 imagine
686 529 828 594 fornacis
851 535 882 594 et
904 531 964 595 viri
986 531 1161 613 bipennem
1183 531 1343 595 vibrantis
1369 550 1427 592 or-

190 639 270 698 nata
292 640 352 713 est,
386 637 612 717 quaerendum
646 638 717 714 erit,
753 644 859 704 utrum
889 640 937 704 vir
966 639 1019 704 ille
1040 640 1222 704 metallicus
1244 640 1286 702 sit
1309 657 1428 702 necne.

191 743 351 825 Equidem
376 744 456 809 illud
478 747 682 825 negaverim3
706 767 784 810 narn
807 748 855 811 vir
875 748 1130 812 instrumentum
1144 752 1249 828 gestat
1267 747 1427 829 bipenne,

188 853 282 934 quod
306 853 339 917 in
362 853 502 918 metallis
526 873 593 918 non
617 855 649 918 in
673 876 734 919 usn
758 861 816 935 est,
849 876 956 938 neque
977 856 1129 940 lapidem,
1164 860 1200 918 ut
1236 876 1294 938 pro
1332 859 1427 918 certo

191 962 350 1026 affirmari
373 966 497 1044 potest,
534 963 591 1026 sed
614 964 713 1026 aliam
736 965 908 1029 materiam
938 965 1117 1028 contundit.
1162 965 1290 1044 Sequor
1312 963 1429 1044 Raye·

191 1073 271 1149 tum,
295 1071 349 1153 qui
375 1071 563 1153 operarium
588 1071 676 1152 ligna
698 1072 923 1137 diffindentem
957 1073 1009 1137 hic
1040 1092 1200 1155 apparere
1222 1075 1325 1153 putat.

275 1178 339 1243 Per
361 1180 550 1260 sequidem
575 1180 843 1245 verisimillimum
866 1185 914 1245 est
936 1181 969 1244 in
983 1181 1176 1245 tabellarum
1196 1181 1332 1261 picturis
1355 1179 1428 1243 for-

190 1307 290 1352 naces
317 1288 471 1368 figulares
495 1307 577 1351 esse.
638 1289 690 1352 An
727 1293 826 1370 putas
853 1290 1000 1354 fornaces
1022 1288 1184 1370 figulareS,
1207 1289 1277 1352 sine
1300 1288 1428 1370 quibus

189 1415 242 1460 res
264 1395 378 1460 fictiles
409 1395 521 1476 perfici
552 1416 618 1459 non
654 1401 805 1477 possunt,
845 1397 879 1460 in
913 1397 1004 1462 nulla
1025 1397 1146 1461 tabella
1168 1397 1316 1477 depictas
1339 1416 1428 1474 esse,

190 1524 264 1568 cum
301 1509 429 1568 ceterae
461 1509 570 1586 partes
611 1505 689 1568 artis
721 1505 895 1585 figulorum
932 1505 1121 1586 saepissime
1155 1504 1426 1586 conspiciantur?

188 1613 275 1676 Num
297 1616 482 1676 statuemus
506 1613 665 1694 plurimas
688 1613 760 1678 illas
782 1614 954 1678 fornacum
976 1614 1134 1693 imagines
1151 1613 1327 1694 perpaucis
1350 1613 1425 1694 pic-

188 1722 279 1798 turiS,
303 1722 336 1784 in
360 1721 480 1804 quibus
504 1721 635 1785 metalla
651 1722 815 1803 descripta
828 1727 914 1800 sunt,
937 1722 1154 1803 respondere?
1178 1721 1319 1784 Minime.
1360 1721 1425 1786 His

188 1831 296 1895 causis
320 1850 373 1894 me
395 1831 640 1894 demonstrasse
667 1831 798 1894 confido
832 1832 892 1894 has
928 1830 1120 1893 tabellarum
1161 1829 1312 1893 fornaces
1348 1850 1426 1894 esse

188 1941 340 2003 fornaces
362 1939 523 2021 figulares.

274 2047 432 2111 Venimus
455 2066 543 2110 nunc
566 2046 608 2110 ad
622 2046 710 2109 illam
727 2045 892 2122 tabellam,
916 2045 949 2107 in
967 2064 1033 2126 qua
1055 2045 1163 2125 imago
1179 2045 1322 2109 fornacis
1337 2048 1428 2127 figu-

188 2157 265 2220 laris
288 2177 347 2238 per
368 2156 607 2236 longitudinem
629 2153 819 2217 dimidiatae
843 2157 956 2218 exstat.
1015 2155 1050 2216 ln
1079 2153 1169 2216 tholo
1195 2155 1339 2218 rotundo
1363 2155 1426 2218 de-

189 2285 259 2328 cem
283 2264 476 2328 oenochoae
507 2269 538 2325 et
571 2282 637 2326 una
673 2262 869 2343 amplior-31)
900 2260 996 2324 aliam
1033 2280 1131 2342 super
1161 2261 1260 2325 aliam
1283 2264 1427 2328 confuse

189 2375 368 2438 collocatae
392 2376 568 2455 apparent;
591 2371 624 2434 in
648 2389 778 2432 summo
803 2369 893 2432 tholo
916 2369 1057 2432 flammis
1081 2369 1133 2432 via
1155 2370 1335 2450 patefacta;
1373 2373 1388 2434 f
1410 2409 1426 2420 -

189 2505 257 2560 cus
293 2484 349 2565 qni
383 2482 468 2546 infra
504 2500 585 2544 vasa
617 2484 675 2559 est,
708 2479 774 2560 pila
797 2478 848 2540 vel
870 2497 964 2540 muro
989 2479 1022 2540 in
1044 2477 1126 2542 duas
1148 2467 1259 2561 partes
1283 2481 1427 2560 divisus

189 2612 330 2672 quarum
367 2590 460 2653 laeva
493 2587 632 2669 punctis,
667 2585 785 2666 quibus
817 2585 977 2648 carbones
1008 2585 1183 2665 significari
1213 2591 1302 2650 recte
1325 2588 1427 2653 Furt-

188 2700 354 2780 waengler
377 2697 565 2774 arbitratur,
589 2695 724 2758 dextera
748 2713 782 2756 re
805 2693 927 2755 difficili
938 2694 961 2774 ²)
989 2693 1120 2772 cognitu
1143 2694 1299 2775 expletur.
1333 2697 1427 2776 Ignis

189 2811 288 2872 ardor
310 2827 378 2871 non
402 2826 460 2888 per
482 2805 586 2868 multa
608 2803 785 2878 foramina,
808 2800 866 2863 sed
890 2819 948 2882 per
970 2820 1094 2881 paucos
1109 2803 1239 2865 canales
1263 2823 1322 2885 per
1337 2807 1425 2870 tholi

189 2919 326 2981 fundum
352 2915 532 2979 terebratos
556 2913 598 2975 ad
620 2931 701 2974 vasa
724 2908 960 2990 concoquenda
975 2908 1150 2985 inducitur3
1181 2913 1427 2994 praefurnium,

189 3047 264 3090 cum
288 3046 327 3090 ea
349 3044 425 3108 pars
448 3022 591 3086 tabellae
615 3020 720 3083 deleta
743 3019 793 3096 sit,
818 3038 884 3081 non
908 3018 973 3080 iam
997 3018 1203 3098 conspicitur.
1261 3022 1328 3085 Sed
1354 3045 1426 3089 non

189 3135 328 3199 dubium
364 3137 432 3213 est,
467 3129 501 3194 id
532 3129 622 3210 quod
656 3127 824 3190 inferiores
859 3126 999 3190 fornacis
1034 3132 1140 3208 partes
1171 3129 1303 3208 docent,
1342 3135 1428 3213 quin

189 3243 354 3325 depictum
378 3240 483 3303 fuerit.

274 3350 375 3414 Cuius
398 3347 539 3412 fornacis
563 3349 760 3408 structuram
783 3345 1045 3424 contemplantes
1067 3345 1223 3407 miramur
1246 3345 1335 3410 illam
1361 3371 1428 3414 an-

188 3458 381 3542 tiquissimis
405 3455 608 3538 temporibus
631 3453 775 3533 exceptis
812 3453 994 3516 minoribus
1028 3451 1239 3515 varietatibus
1276 3459 1428 3525 eandem

189 3571 290 3632 fuisse
313 3572 412 3648 atque
430 3565 601 3628 fornacum
619 3563 859 3639 Romanorum,
884 3580 967 3642 quae
983 3558 1234 3642 imperatoribus
1250 3569 1429 3642 regnanti·
1499 3649 1510 3655 ἢ

187 3680 250 3741 hus
273 3678 306 3740 in
329 3695 392 3740 usu
415 3679 517 3738 erant.
552 3673 644 3750 Quae
659 3691 773 3734 omnes
798 3691 815 3733 e
838 3671 911 3734 foco
930 3669 1116 3750 praefurnio
1138 3669 1298 3735 instructo
1319 3679 1430 3758 atque

187 3807 204 3850 e
227 3785 318 3850 tholo
343 3787 494 3847 constant
518 3781 603 3845 etin
626 3780 780 3844 omnibus
815 3778 898 3859 ignis
929 3797 988 3858 per
1014 3776 1174 3840 foramina
1200 3777 1233 3840 in
1255 3779 1342 3845 tholi
1366 3805 1429 3851 ca.

187 3917 264 3960 vurn
287 3897 443 3978 penetrat.
478 3893 592 3973 Neque
608 3893 765 3967 fornaces
790 3889 911 3969 quibus
926 3887 1025 3949 bodie
1038 3886 1125 3965 figuli
1139 3891 1286 3966 utuntur,
1312 3896 1430 3961 struc-

270 4165 289 4230 1)
308 4165 419 4218 Praeter
440 4165 507 4218 baec
527 4180 592 4217 vasa
610 4161 719 4230 depicta
736 4158 838 4212 mirum
857 4156 886 4207 in
901 4153 1012 4206 modum
1032 4151 1106 4204 varia
1124 4156 1150 4203 et
1167 4154 1334 4222 multiplicia
1353 4162 1429 4219 line.

185 4263 296 4311 anrenta
326 4258 416 4310 colore
440 4256 562 4310 carentia
586 4260 673 4309 tracta
698 4257 771 4313 sunt,
801 4264 872 4316 quae
899 4245 999 4313 partim
1026 4249 1052 4295 et
1075 4243 1133 4310 ipsa
1165 4261 1293 4298 vasorum
1313 4251 1429 4310 formas

184 4350 312 4404 indicant.

267 4446 286 4512 ²)
305 4447 393 4511 Quam
413 4445 551 4496 flammam
572 4443 686 4496 rubram
705 4454 765 4491 esse
784 4435 860 4488 nullo
879 4431 960 4484 inodo
979 4428 1167 4481 concesserim.
