3230 4942
691 263 876 349 A..

166 414 294 496 syllaba
317 413 424 477 littera
459 413 481 476 Β
513 415 658 496 apparet.
703 411 735 474 Si
767 411 826 475 viri
856 410 900 474 illi
930 429 950 474 a
977 410 1112 474 Piraeeo
1140 411 1314 488 venissent,
1344 415 1392 474 ta·

165 523 269 588 bellae
291 523 399 604 pictor
421 543 486 585 non
509 522 729 602 rssqasouan
753 521 812 584 sed
829 521 1033 602 maroneo
1047 519 1273 600 inscripsisset.
1310 519 1379 583 Rec

166 633 230 696 tius
258 631 400 714 cogitare
427 631 501 694 licet
532 631 572 694 de
604 630 737 711 regione
758 629 857 693 Asiae
880 629 911 693 in
937 613 1120 709 conspectu
1139 628 1245 692 Rhodi
1269 629 1394 692 insulae

165 743 236 820 sita,
253 761 352 822 quam
364 739 478 805 Graeci
491 745 629 820 Ilspar‘m
651 739 876 808 nominabant.
913 739 1065 802 Fortasse
1080 737 1179 801 etiam
1196 739 1394 818 ΡερΑβόθεν

164 848 272 929 tropa
295 850 381 914 idem
406 848 492 912 valet
515 867 553 912 ac
577 851 770 930 περΑΙόθεν
782 848 808 930 1)
844 846 951 926 ἵκομες
975 873 1012 902 =
1037 867 1055 910 e
1077 846 1209 926 regione
1230 849 1393 910 transma-

166 959 239 1023 rina
261 958 418 1023 venimus

248 1067 284 1130 ln
319 1066 390 1130 aliis
421 1065 547 1130 labellis
587 1065 693 1128 verbis
734 1063 915 1147 Ἀμφιτρίια
956 1065 1012 1143 ἐμί
1049 1063 1249 1145 Amphitrite
1293 1063 1394 1146 ipsius

164 1175 340 1256 imaginem
374 1195 445 1240 esse
481 1174 672 1256 pronuntiat
701 1177 757 1236 aut
795 1173 1005 1253 inscriptione
1032 1171 1230 1254 Ἀμφιτρίτας
1261 1173 1318 1252 ἐμί
1344 1177 1393 1237 ta-

164 1285 283 1349 bellam
307 1284 368 1347 sihi
391 1284 543 1347 vindicat.

247 1393 284 1456 In
316 1393 436 1456 tabella
475 1393 578 1456 fracta
614 1397 673 1453 662
706 1390 739 1454 id
775 1391 864 1473 quod
900 1392 1041 1473 pictores
1077 1411 1230 1454 vasorum
1263 1391 1395 1473 saepius

166 1503 320 1580 fecerunt,
338 1502 519 1565 litterarum
543 1499 624 1564 ordo
648 1499 797 1582 depictus
821 1503 878 1564 est.

249 1610 416 1674 Pictorum
451 1610 516 1673 duo
554 1609 605 1672 vel
638 1609 701 1673 tria
735 1609 871 1673 nomina
910 1609 1163 1690 conspiciuntur.
1209 1610 1244 1673 ln
1267 1610 1396 1690 tabella

165 1719 251 1784 enim
275 1724 335 1782 846
355 1717 527 1800 Τιμονίδας
540 1720 665 1801 ἔγραψε
678 1724 744 1781 Βία
767 1717 960 1799 inscriptum
983 1723 1046 1798 est;
1075 1719 1254 1793 Milorrdoeg
1277 1719 1396 1802 ἔγραφε

166 1829 197 1892 in
220 1828 355 1906 tabella,
385 1827 528 1908 quadam
554 1827 703 1891 Parisina
724 1826 851 1907 legitur.
896 1827 973 1891 Bias
997 1847 1142 1909 quoque,
1168 1831 1259 1909 pater
1281 1827 1396 1892 Timo-

166 1939 263 2002 nidae
286 1938 319 2001 in
343 1956 479 2001 numero
502 1936 664 2018 pictorum
688 1937 815 2000 videtur
837 1936 1009 2000 habendus
1033 1957 1112 2002 esse.
1131 1975 1163 1982 -
1183 1937 1394 2002 'simonidem

166 2048 222 2128 qui
254 2067 312 2110 vas
346 2047 435 2123 illud,
473 2045 602 2110 Cleonis
633 2049 798 2127 repertum
827 2046 971 2123 ornavit,
1004 2047 1142 2109 eundem
1177 2067 1261 2127 esse,
1297 2052 1396 2129 atque

166 2177 255 2234 eum,
284 2156 339 2238 qui
361 2155 437 2218 huic
461 2155 599 2218 tabellae
622 2175 720 2218 suum
744 2174 864 2218 nomen
888 2155 1057 2238 imposuit.
1085 2155 1153 2218 iure
1176 2155 1394 2220 contenditur.

165 2268 274 2346 Atque
302 2265 363 2328 hac
390 2263 509 2328 tabella
538 2264 784 2326 demonstratur
808 2263 899 2326 illurn
930 2264 1140 2327 Timouidam
1164 2284 1231 2327 non
1255 2265 1395 2339 Cleonis,

167 2375 224 2436 sed
248 2374 280 2436 in
303 2373 375 2454 ipsa
397 2373 477 2434 urbe
501 2371 658 2434 Corintho
684 2377 848 2435 versatum
874 2391 954 2437 esse.

250 2483 374 2560 Restat,
397 2485 434 2544 ut
456 2481 497 2544 do
519 2481 685 2544 nonnullis
708 2481 986 2564 inscriptionibus
1010 2501 1094 2562 quae
1117 2501 1280 2545 summam
1297 2481 1395 2546 inter-

166 2592 300 2674 petandi
323 2591 549 2655 difficultatem
571 2591 739 2671 praebent,
763 2610 871 2672 pauca
893 2591 1024 2656 addam.
1062 2575 1067 2584 ³

251 2702 285 2766 ln
321 2701 386 2764 tab.
417 2704 478 2762 524
509 2700 594 2763 hanc
628 2699 873 2781 inscriptionem
906 2699 1027 2764 vides,
1060 2751 1067 2764 .
1102 2754 1108 2766 .
1140 2750 1146 2764 .
1177 2751 1184 2765 .
1221 2699 1396 2785 ,ἀνέθηκε

168 2817 249 2874 Hori
270 2804 396 2893 (oslif)
411 2808 554 2893 erupto
568 2805 753 2872 admocum
768 2810 802 2891 ἲ).
830 2809 899 2872 Sub
922 2809 1055 2872 nomine
1068 2807 1254 2874 Αὐτοποκια
1276 2829 1396 2873 nomen

165 2917 335 3002 proprium
371 2918 537 2982 conditum
574 2921 606 2980 et
638 2913 824 2980 Αὐτοποκια
860 2918 1000 2982 formam
1029 2938 1102 2983 esse
1131 2939 1228 2983 casus
1257 2919 1397 3000 genetivi

167 3027 293 3092 numeri
308 3027 494 3108 singularis²
517 3027 699 3090 derivatam
714 3047 733 3090 a
747 3025 881 3090 nomine
895 3027 1029 3110 proprio
1040 3030 1255 3107 Adronoxtag,
1271 3028 1396 3110 opinor.

167 3139 241 3214 Qua
269 3137 302 3200 in
331 3157 365 3200 re
389 3137 478 3198 haud
502 3136 618 3217 ignoro
641 3136 777 3198 nomina
799 3137 934 3218 propria
955 3139 1076 3201 frustra
1099 3136 1226 3219 quaeri,
1256 3157 1396 3218 quorum

167 3247 269 3311 altera
299 3249 392 3326 parte
422 3245 518 3327 stirps
550 3267 612 3306 πεκ
643 3244 857 3309 contineatur.
910 3246 1093 3328 Hesychius
1123 3251 1232 3312 autem
1260 3245 1397 3309 verbum

168 3353 458 3434 ‚aomanorum
482 3356 612 3436 (natura
640 3353 808 3434 villosum)
830 3354 929 3418 tradit
952 3361 982 3419 et
1005 3355 1095 3419 haud
1118 3355 1187 3419 scio
1209 3375 1251 3418 an
1275 3373 1396 3418 nomen

170 3461 370 3538 Λύτοποκιάς
411 3463 616 3544 correptione
654 3462 897 3544 hypocoristica
934 3464 1076 3528 nominis
1113 3460 1397 3544 ,momnomowr‘

167 3575 276 3637 ortum
299 3571 349 3636 sit.
393 3572 547 3654 Fortasse
568 3574 665 3652 igitur
686 3574 771 3656 patri
794 3575 873 3653 eius,
903 3575 957 3656 qui
981 3575 1065 3638 hanc
1088 3574 1239 3638 tabellam
1263 3571 1398 3637 dedica-

167 3682 222 3757 vit,
246 3700 367 3744 nomen
388 3681 591 3763 Autopocias
614 3681 681 3746 luit.
726 3682 791 3746 Sed
812 3702 880 3746 rem
903 3683 937 3746 in
960 3702 1121 3764 suspenso
1144 3682 1340 3764 reliquerim.

182 3779 184 3782 ’
251 3789 287 3851 ln
319 3789 383 3854 tab.
408 3796 469 3853 900
491 3791 520 3852 A
544 3790 629 3854 duae
652 3796 781 3855 exstant
803 3792 1048 3875 inscriptiones,
1085 3792 1186 3856 altera
1208 3792 1241 3854 in
1264 3791 1398 3854 dextera

167 3902 261 3977 parte
289 3898 413 3976 media,
447 3899 549 3962 altera
578 3899 611 3960 in
632 3900 779 3982 margine
802 3901 967 3979 inferiore,
1002 3920 1087 3982 quae
1110 3900 1224 3964 inanes
1246 3901 1398 3963 videntur

167 4093 366 4104 0—-5-0

252 4187 272 4254 ¹)
291 4186 330 4238 De
351 4185 448 4238 litteris
465 4189 511 4248 Αβ
533 4204 581 4256 pro
600 4194 638 4240 Al
666 4187 775 4257 scriptis
802 4188 926 4241 conferas
956 4186 1164 4255 inscriptionem
1191 4186 1309 4240 tabellae
1336 4185 1397 4238 rol:

165 4282 312 4348 ἈθανΑβα
329 4301 361 4322 =
378 4282 516 4336 ἈθανΑΙα.

251 4369 271 4438 ²)
289 4372 321 4425 ln
339 4372 393 4425 hac
412 4389 522 4442 quoque
540 4373 717 4441 inscriptione
727 4373 940 4441 Furtwaengleri
958 4373 1103 4426 lectionem
1116 4388 1224 4440 sequor.
1254 4373 1398 4424 Aaronom

166 4481 216 4536 pro
235 4466 383 4518 Adranam
400 4466 487 4520 Roelrl
506 4472 534 4520 et
551 4466 597 4519 alii
617 4467 886 4530 commendaverunt,
905 4466 951 4518 sed
971 4464 1079 4517 iniuria.
1288 4472 1292 4478 '
