3230 4942
771 229 806 303 rt

264 398 369 464 Variis
399 399 666 462 vestimentorum
698 398 811 462 formis
845 399 1048 480 pertractatis
1071 401 1251 479 rideamne,
1287 401 1411 482 quibus

176 507 344 573 coloribus
373 507 479 588 pictor
507 507 562 569 illa
593 507 797 588 expresserit.
843 508 915 585 Qua
947 508 978 570 in
1012 529 1046 572 re
1077 509 1328 572 usitatissimum
1362 515 1412 572 est

176 617 341 682 chitonem
365 635 439 680 cum
462 616 495 678 in
518 616 659 696 Neptuni
683 621 753 680 tum
777 616 809 680 in
825 617 1044 698 Amphitrites
1067 616 1251 681 simulacris
1274 618 1411 698 argillae

176 727 320 790 colorem
342 725 474 803 habere,
497 724 672 788 himatium
695 726 831 789 rubrum
854 745 942 798 csse;
967 726 1069 790 rarius
1093 727 1145 790 ille
1168 727 1278 790 colore
1303 727 1409 792 diluto

175 835 327 910 infectus,
358 832 421 897 hoc
444 833 580 896 rubrum
604 837 661 897 aut
684 833 735 896 ille
757 833 900 897 colorem
924 833 1055 914 argillae
1080 834 1237 912 ostendit,
1270 835 1334 899 hoc
1358 835 1411 900 ni·
1485 888 1489 894 .

175 963 268 1025 grum
298 947 356 1008 est.
400 942 428 1006 A
458 942 554 1006 solito
582 946 693 1006 autem
721 943 890 1019 abhorret,
931 943 1020 1023 quod
1051 943 1084 1006 in
1114 944 1180 1006 tab.
1208 949 1269 1005 413
1294 943 1410 1008 chitou

174 1053 274 1117 ruber
295 1057 354 1130 est,
378 1052 551 1116 hirnatium
574 1051 712 1130 nigrum.
750 1051 948 1132 Plerumque
964 1051 1061 1130 igitur
1074 1051 1237 1116 chilonem
1260 1051 1409 1116 colorem

174 1162 307 1242 argillae
329 1151 519 1237 habentem,
543 1159 713 1222 himatium
730 1160 865 1223 rubrum
890 1159 1003 1222 cernis.
1047 1159 1141 1222 Unde
1159 1161 1309 1224 conicere
1332 1161 1410 1224 licet

177 1269 421 1334 Corinthiorum
454 1268 617 1332 chitonem
648 1268 711 1331 alio
734 1272 771 1330 et
802 1267 990 1331 candidiore
1013 1287 1123 1348 panno
1145 1268 1269 1346 facturn
1293 1269 1407 1348 fuisse,

174 1397 276 1460 quam
298 1377 484 1442 himatium.

258 1513 371 1593 Neque
394 1510 543 1574 chilones
565 1529 672 1591 neque
695 1510 832 1574 himatia
854 1510 1063 1573 decoratione
1085 1515 1210 1585 carent;
1237 1531 1304 1574 non
1328 1531 1407 1576 raro

175 1622 262 1686 enim
289 1620 454 1703 margines
481 1619 589 1682 limbis
617 1619 668 1682 vel
692 1619 811 1682 suturis
836 1619 957 1682 obtecti
980 1623 1069 1692 sunta
1101 1624 1157 1682 aut
1180 1624 1269 1683 totus
1293 1621 1410 1684 chiton

175 1729 312 1794 maculis
338 1748 536 1811 conspersus
565 1729 613 1791 vel
645 1727 814 1808 quadratis
844 1726 999 1790 limitibus
1030 1727 1168 1809 aliisque
1204 1731 1411 1794 ornamentis

177 1844 314 1903 ornatus
338 1843 396 1903 est.
440 1839 590 1920 Apparet
612 1837 764 1900 mulieres
787 1834 1013 1898 Corinthiacus
1036 1835 1119 1899 bene
1150 1836 1303 1900 didicisse
1330 1840 1412 1903 talia

175 1949 320 2012 intexere
342 1947 392 2010 vel
415 1967 476 2011 acu
497 1947 640 2029 pingere.

257 2081 407 2162 Denique
428 2081 628 2145 mentionem
652 2078 784 2154 fecerim
809 2082 1071 2154 tegumentorum
1086 2080 1200 2159 capitis
1223 2084 1255 2144 et
1274 2083 1410 2162 pedum.

174 2189 293 2272 Capita
315 2189 499 2270 hominurn,
523 2187 634 2269 quiin
658 2185 786 2249 tabellis
809 2185 1061 2265 conspiciuntur,
1097 2187 1289 2270 plerumque
1319 2191 1412 2254 nuda

174 2303 266 2381 sunt,
306 2299 433 2362 invenis
465 2302 574 2361 autem
607 2313 847 2375 nonnunquam
879 2294 1024 2374 galerum
1055 2297 1097 2359 ab
1120 2297 1277 2378 operariis
1300 2277 1412 2380 gesta-

175 2407 283 2490 tumn
314 2407 367 2488 (cf.
399 2406 466 2471 tab.
494 2411 572 2482 810,
605 2404 688 2482 816).
734 2403 884 2465 Soleatus
906 2403 1036 2483 saepius
1058 2403 1230 2486 Neptunus
1254 2413 1410 2488 apparet3

175 2516 285 2580 soleae
308 2514 446 2596 simplici
470 2518 502 2576 et
525 2511 651 2592 vulgari
674 2513 751 2572 sunt
773 2511 889 2572 l'orma.
922 2509 1027 2574 Calcei
1044 2511 1076 2574 in
1089 2514 1153 2577 tab.
1169 2519 1227 2578 831
1243 2515 1411 2580 videntur.

574 2946 661 3026 Ill.
696 2946 758 3025 lle
785 2945 1007 3024 curribus.

264 3125 400 3199 Currus,
437 3121 493 3204 qui
526 3121 558 3183 in
595 3118 722 3184 tabellis
750 3123 923 3199 apparent,
962 3120 1104 3200 exceptis
1126 3122 1309 3188 minoribus
1334 3146 1415 3206 pro-

176 3231 372 3316 prietatibus
407 3229 549 3293 temonis
572 3233 671 3310 atque
695 3228 851 3305 lorarum,
888 3227 1026 3308 quaein
1050 3227 1121 3291 aliis
1145 3249 1278 3310 quoque
1301 3236 1415 3314 operi-

176 3344 238 3407 bus
250 3339 468 3406 Corinthiacis
482 3337 701 3413 inveniuntur,
724 3336 849 3417 vulgari
871 3339 948 3398 sunt
967 3336 1090 3413 lorma3
1114 3336 1155 3400 de
1177 3358 1274 3403 curru
1297 3347 1413 3408 autem

175 3449 341 3532 singulari,
363 3467 462 3528 quem
484 3446 518 3508 in
539 3445 606 3510 tab.
622 3450 682 3507 507
705 3444 807 3522 vides,
830 3443 920 3508 brevi
943 3443 1117 3508 dicendum
1140 3445 1210 3510 erit.
1254 3447 1338 3513 Pars
1354 3473 1413 3516 su-

175 3558 284 3643 perior
310 3557 380 3620 eius
411 3558 570 3636 quattuor
592 3553 721 3618 assibus
744 3552 1008 3617 circumcluditur
1029 3553 1081 3634 (cf.
1104 3554 1171 3616 tab.
1196 3556 1286 3638 532);
1318 3565 1415 3624 rotae

174 3669 315 3732 l'orrnam
352 3663 494 3728 maxime
524 3661 772 3727 memorabilem
804 3661 941 3739 habent,
975 3661 1063 3724 orbis
1094 3662 1181 3725 enim
1211 3668 1305 3728 rotae
1342 3687 1413 3732 non

176 3775 276 3840 radiis
311 3773 345 3836 in
382 3772 571 3836 umbilicum
602 3770 890 3850 convergentibUS,
928 3769 985 3832 sed
1013 3789 1079 3832 uno
1106 3770 1199 3834 radio
1220 3773 1274 3835 axi
1297 3775 1413 3856 affirm,

175 3902 241 3964 quo
265 3886 338 3946 rota
360 3880 558 3958 dimidiatur,
582 3885 614 3943 et
637 3880 768 3945 duobus
790 3879 948 3958 longuriis
970 3877 1134 3959 parallelis
1158 3899 1264 3960 aeque
1287 3884 1331 3946 ab
1356 3888 1413 3950 axi

175 3990 375 4054 distantibus
397 3989 584 4053 sustinetur.
631 3989 723 4066 Quae
746 3991 838 4051 rotae
861 4006 928 4050 non
950 3986 1036 4049 circa
1063 4005 1157 4050 axem
1171 3991 1328 4070 torqueri,
1352 3997 1416 4059 sed

177 4120 252 4162 cum
275 4099 328 4162 illo
350 4099 487 4162 firmiter
509 4098 703 4162 coniunctae
725 4097 879 4160 videntur
900 4114 988 4170 esse,
1011 4098 1048 4156 ut
1069 4093 1106 4157 fit
1128 4093 1160 4157 in
1183 4095 1222 4159 iis
1246 4101 1414 4184 curribus,

179 4207 297 4288 quibus
334 4207 366 4270 in
397 4207 457 4270 viis
481 4207 593 4271 ferreis
612 4207 750 4283 utimur,
779 4204 813 4268 in
841 4203 960 4285 quibus
983 4222 1060 4266 axes
1083 4207 1257 4267 morentur
1280 4212 1415 4276 etcum

176 4355 287 4362 -—-·--

262 4427 280 4492 ¹)
298 4428 369 4482 Num
387 4427 495 4481 iuvenis
514 4428 542 4480 iu
561 4426 616 4480 tab.
635 4425 685 4478 849
703 4427 828 4492 petasum
848 4426 931 4489 gerat,
950 4435 1114 4488 magnopere
1131 4421 1235 4474 dubito.
