3230 4942
196 420 277 486 doso
301 427 441 501 exsecta,
478 425 570 488 cuius
606 429 716 507 partes
745 432 910 491 extremae
945 427 1097 492 crucibus
1134 429 1315 493 instructae
1339 431 1430 492 sunt.

195 531 315 597 Similis
338 534 474 614 generis
489 554 583 599 rosas
606 535 663 598 sed
687 537 790 601 multo
814 538 1027 620 simpliciores
1053 539 1084 602 in
1110 541 1174 604 tab.
1199 545 1268 617 619,
1293 545 1354 601 929
1380 537 1430 600 vi·

195 642 262 707 des.
299 642 371 706 Hoc
396 643 471 706 loco
487 663 584 706 rosae
600 647 938 727 quoquementionem
962 647 1056 722 facio,
1079 668 1164 729 quae
1189 648 1222 713 in
1245 667 1325 711 vase
1341 648 1430 710 Boe·

194 753 239 816 tio
262 751 353 833 quod
375 752 540 834 depictum
565 758 614 817 est
640 755 689 830 „in
710 755 821 819 Jahrb.
846 757 903 820 des
927 758 1016 820 arcb.
1040 757 1135 821 Inst.“
1155 762 1245 834 1888,
1268 775 1343 837 pag.
1365 761 1429 818 342

193 862 245 941 fig.
270 867 320 935 25,
343 865 489 942 apparet.
519 899 544 906 -
576 862 686 926 Altera
709 864 814 928 forma
848 865 926 928 mibi
951 866 993 928 ab
1017 869 1085 929 arte
1107 865 1219 946 figlina
1246 865 1355 928 aliena
1377 868 1430 928 at-

195 989 260 1050 que
283 989 302 1033 a
324 969 454 1032 laminis
477 971 594 1048 aeneis,
619 991 703 1052 quae
726 973 768 1036 ad
791 973 1012 1037 decorandam
1035 973 1264 1056 supellectilem
1288 973 1430 1036 adhibe-

193 1079 323 1156 bantur,
347 1080 450 1158 petita
473 1078 600 1142 videtur
622 1099 702 1144 esse.

451 1622 453 1631 ,
486 1506 612 1589 Vlll.
653 1507 716 1588 lle
742 1507 1131 1608 inscriptionibus,

279 1681 511 1761 Inscriptiones
534 1687 590 1744 aut
613 1681 837 1744 sinistrorsum
855 1687 914 1745 aut
932 1682 1136 1746 dextrorsum
1152 1687 1209 1746 aut
1222 1687 1429 1766 βουστροφη-
1526 1688 1533 1698 “

192 1789 250 1854 do'r
272 1810 386 1854 versae
403 1791 596 1872 plerumque
625 1790 657 1854 in
670 1796 763 1871 parte
776 1795 908 1872 patente
920 1791 1113 1856 tabellarum
1136 1792 1312 1874 inscriptae
1334 1795 1429 1866 sunt3

192 1919 267 1966 raro
302 1904 412 1964 autem
447 1899 569 1963 litteras
604 1900 637 1961 in
671 1899 817 1980 margine
849 1899 996 1962 colorato
1026 1899 1075 1978 (ci.
1099 1901 1165 1963 tab.
1190 1906 1250 1963 846
1274 1901 1316 1977 Β,
1350 1901 1429 1978 947)

193 2015 250 2072 aut
273 2009 306 2071 in
329 2009 402 2088 ipsa
423 2007 551 2089 pictura
574 2007 626 2090 (cf.
649 2008 717 2072 tab.
742 2009 817 2088 612)
840 2013 897 2071 aut
914 2009 946 2071 in
964 2009 1077 2088 argilla
1093 2009 1182 2071 nuda
1197 2009 1317 2071 incisas
1332 2009 1429 2072 vides

193 2117 245 2198 (cf.
270 2117 334 2181 tab.
359 2117 443 2192 803).

277 2224 399 2288 Crebro
423 2223 515 2286 utin
537 2243 691 2288 vasorum
716 2225 849 2304 picturis
872 2225 940 2288 fieri
964 2226 1065 2304 solet,
1099 2226 1277 2307 unicuique
1298 2228 1427 2306 figurae

192 2353 313 2397 nomen
336 2331 539 2413 adscriptum
563 2337 625 2406 est3
649 2331 706 2394 sed
729 2337 898 2412 praeterea
922 2333 1144 2397 dedicantium
1163 2354 1297 2414 quoque
1321 2336 1427 2398 verba

191 2445 364 2524 appare1]t;
397 2487 550 2506 .....
573 2436 719 2522 ἀνέθηκε
742 2439 916 2501 Ποτειδᾶνι
955 2441 1005 2503 vel
1036 2439 1254 2508 Hocerda'forc
1277 2441 1429 2511 Ῐάνακιι

192 2553 310 2616 iterum
332 2551 517 2630 iterumque
539 2548 678 2627 legimus
698 2552 727 2609 et
749 2549 850 2610 mulla
864 2549 998 2612 nomina
1014 2549 1158 2614 virorum
1176 2549 1425 2614 Corinthiorum

191 2681 230 2726 ac
251 2659 372 2744 partim
405 2657 584 2738 singularia
606 2655 638 2718 in
662 2656 727 2719 tab.
752 2660 896 2720 exstant:
931 2659 1106 2736 Λυσιάδας,
1128 2655 1251 2739 Ἴγρων,
1279 2663 1428 2740 Δόρκων,

189 2768 347 2840 lictoriae
380 2763 577 2848 Eerforrlrig,
605 2767 736 2842 Σιμίων,
767 2761 970 2846 Εὔρυμήδης,
1011 2766 1145 2847 Φλέβων
1185 2768 1429 2851 Ἀσωπόδωρος,

190 2875 418 2958 Ἀριστόφιλος,
442 2874 515 2938 alia.

276 2983 432 3049 Nonnulli
468 2983 513 3064 pii
549 2983 608 3045 viri
645 2987 817 3062 sperantes
853 3000 974 3044 numen
1010 2982 1223 3048 donationem
1261 2986 1427 3050 benificiis

191 3113 405 3176 repensurum
426 3111 499 3156 esse
512 3091 619 3154 verbis
642 3087 681 3154 cd
704 3089 739 3152 δὲ
760 3088 814 3164 dig
826 3095 980 3169 χαρίεσαν
993 3097 1139 3176 αμοιξάν
1151 3128 1193 3140 -
1208 3091 1365 3176 ἀφορμάν
1380 3094 1428 3178 (t)

191 3203 288 3266 deum
320 3202 409 3266 omni
444 3205 591 3282 tempore
621 3197 893 3262 remunerationis
925 3202 1023 3278 atque
1054 3201 1191 3281 praemii
1228 3221 1428 3268 commone-

190 3313 297 3376 facere
319 3310 461 3373 student.
630 3295 642 3324 ”

275 3419 351 3495 Viri,
375 3417 430 3499 qui
453 3417 607 3480 tabellam
631 3420 692 3478 838
707 3416 740 3478 in
756 3416 898 3478 sacrario
913 3415 1056 3498 Neptuni
1070 3423 1261 3498 posuerunt,
1284 3419 1427 3500 longum

190 3529 251 3591 iter
266 3527 418 3590 videntur
431 3523 600 3606 t'ecisse1);
622 3543 701 3587 nam
715 3527 921 3605 Περαειόθεν
939 3522 1046 3604 iamiar
1067 3525 1101 3589 in
1123 3545 1162 3589 ea
1184 3526 1310 3606 legitur,
1336 3549 1428 3609 quae

190 3638 290 3700 verba
322 3656 388 3699 non
421 3633 529 3698 facilia
563 3637 638 3696 sunt
675 3633 897 3712 interpretato.
954 3632 1080 3708 Quibus
1115 3633 1202 3697 idem
1242 3635 1427 3714 significari

190 3744 337 3810 nonnulli
365 3744 566 3808 arbitrantur
592 3747 691 3822 atque
718 3741 841 3804 Latinis
863 3741 985 3804 verbis:
1016 3761 1055 3816 „a
1076 3741 1211 3806 Piraeeo
1236 3745 1423 3810 venimus“.

190 3854 233 3916 At
256 3853 338 3916 haec
361 3851 532 3934 explicatio
556 3850 665 3914 minus
688 3849 867 3932 probabilis
891 3849 1019 3912 videtur
1041 3869 1127 3926 esse,
1156 3852 1234 3930 quia
1254 3853 1288 3914 in
1311 3855 1426 3934 prima

276 4091 294 4157 ¹)
313 4089 412 4142 Blassii
430 4089 615 4142 coniecturam
635 4090 809 4152 ,Περαειόθεν
827 4092 917 4138 Μίκων
934 4085 1090 4147 μίἰνεθηκειι
1117 4083 1153 4144 (v.
1173 4085 1276 4148 Collitz,
1304 4085 1426 4142 Samml.

189 4183 289 4250 griech.
300 4182 505 4235 Dialectinschr.
516 4182 562 4246 lll,
572 4198 632 4250 pag.
641 4180 692 4248 66),
710 4185 859 4250 postquam
870 4177 999 4231 tabellam
1020 4176 1108 4242 ipsam
1125 4179 1205 4228 acute
1223 4174 1342 4244 inspexi,
1362 4196 1425 4234 orn·

190 4275 256 4328 nino
274 4274 365 4328 reicio.
411 4273 529 4328 Litterae
558 4275 632 4328 enim
663 4279 753 4337 ἵκομες
773 4277 830 4326 tarn
860 4275 949 4323 certae
973 4273 1037 4320 sunt
1063 4272 1093 4319 ut
1110 4267 1144 4318 de
1162 4266 1195 4319 iis
1213 4267 1342 4322 dubitare
1361 4287 1424 4326 non

188 4367 276 4420 liceat.
311 4366 443 4435 Equidem
461 4368 684 4434 Furtwaenglero
703 4365 867 4432 adstipulor,
897 4360 962 4428 quia
981 4375 1041 4412 mea
1061 4358 1170 4426 quidem
1188 4360 1328 4412 sententia
1359 4363 1424 4416 eius

188 4459 269 4512 lectio
286 4459 344 4512 sola
360 4459 457 4512 litteris
475 4458 542 4527 ipsis
555 4459 624 4513 satis
636 4456 845 4512 accommodata
863 4459 912 4507 est.
