3230 4942
739 335 742 340 ,
781 223 878 340 ’3η

190 405 240 468 his
265 409 365 468 rotae.
399 405 489 469 llaec
512 407 619 469 forma
642 409 733 469 rotae
756 405 864 469 media
887 405 1015 469 videtur
1038 423 1109 468 esse
1132 405 1216 468 inter
1239 405 1419 488 simplicem

189 515 302 578 orbern
327 515 368 578 de
391 515 509 578 arbore
532 514 675 579 rotundo
698 514 866 579 desectum
890 519 920 578 el
944 518 1050 578 rotam
1075 518 1233 594 quattuor
1247 519 1305 578 aut
1319 513 1421 594 pluri·

190 622 253 686 bus
290 621 389 685 radiis
417 623 618 687 instructam.
662 623 861 686 Huiusmodi
891 627 980 686 rotas
1008 622 1132 702 ligneas
1159 622 1301 687 maxime
1324 621 1419 686 inha-

192 730 272 796 biles
296 751 404 812 neque
426 731 505 795 satis
528 733 627 795 duras
649 731 747 796 etiam
769 732 808 795 iis
836 731 1054 814 temporibus,
1087 731 1206 811 quibus
1233 737 1325 795 rotae
1352 733 1419 794 vul-

122 897 125 901 .
191 860 285 922 gaces
308 841 341 903 in
365 840 511 904 omnium
536 861 597 904 usu
622 844 724 919 erant,
748 840 912 906 adhibitas
936 861 1007 904 esse
1026 840 1207 904 admodum
1226 841 1342 904 mirum
1361 845 1420 904 est.

193 951 263 1013 lam
286 949 371 1012 enim
397 955 519 1014 remota
545 951 597 1013 illa
621 954 745 1027 aetate,
778 969 843 1032 qua
866 955 1025 1033 prostypa
1048 951 1228 1032 Mycenaea
1250 951 1421 1032 exsculpta

190 1062 283 1136 sunt,
311 1061 404 1121 rotae
425 1057 525 1121 radiis
547 1057 725 1124 instructae
747 1059 779 1121 in
800 1059 937 1124 Graecia
959 1063 1058 1123 nolae
1082 1064 1182 1122 erant.
1227 1058 1301 1136 Qua
1324 1061 1364 1122 de
1386 1078 1421 1121 re

192 1167 311 1248 opinor
347 1167 616 1248 septentrionales
644 1167 715 1231 illas
739 1173 866 1248 gentes,
900 1188 985 1249 quae
1009 1173 1117 1232 aelate
1139 1167 1277 1232 Doricae
1301 1167 1420 1247 migra-

190 1276 288 1340 tionis
311 1277 480 1341 Graeciam
504 1277 750 1341 meridionalem
773 1279 996 1359 occupabant,
1033 1297 1108 1340 curn
1132 1277 1240 1341 minus
1274 1278 1420 1341 eruditae

191 1385 345 1466 cultuque
378 1385 544 1449 inferiores
576 1390 699 1466 essent,
733 1386 834 1450 hocce
862 1406 963 1468 genus
991 1391 1137 1452 rotarum
1164 1406 1275 1450 secum
1306 1386 1419 1450 tulisse

191 1498 291 1575 atque
313 1513 372 1576 per
394 1493 519 1576 aliquot
541 1494 699 1578 temporis
720 1495 753 1558 in
776 1515 839 1560 usu
862 1495 1041 1559 retinuisse.

276 1628 404 1693 Similes
428 1648 542 1693 currus
563 1633 662 1711 atque
683 1634 774 1694 rotae
797 1650 1037 1712 nonnunquam
1059 1631 1092 1694 in
1115 1651 1270 1694 vasorum
1286 1631 1419 1711 picturis

191 1737 446 1818 conspiciuntur.
490 1738 566 1802 Eius
594 1739 738 1820 generis
772 1740 862 1821 quod
885 1739 1055 1821 descripsi,
1090 1739 1238 1804 vehiculo
1260 1739 1310 1802 usi
1334 1739 1419 1819 agri-

194 1847 285 1909 colae
307 1866 430 1927 magna
451 1867 531 1912 vasa
551 1848 724 1931 deportant
741 1850 792 1932 (ct.
810 1849 1022 1927 Baumeister,
1046 1849 1183 1912 Deiikm.
1197 1849 1263 1912 tab.
1278 1847 1300 1926 Ι,
1327 1849 1418 1930 133),

193 1955 345 2020 homines
378 1956 420 2020 ad
454 1957 649 2021 sacrificium
676 1958 840 2021 vehuntur
866 1963 908 2041 (v,
932 1959 1043 2022 lourn.
1072 1959 1109 2021 ot'
1137 1958 1219 2021 Hell.
1243 1957 1320 2021 stud
1353 1958 1418 2020 tab.

194 2063 275 2146 Vll),
314 2064 490 2147 propinqui
521 2065 668 2146 lugentes
694 2066 813 2130 mortui
842 2067 1012 2130 cniusdam
1042 2086 1162 2148 corpus
1190 2067 1341 2130 auferunt
1375 2068 1418 2147 (v.

193 2173 311 2252 Micali,
334 2175 423 2240 Mon.
446 2179 523 2252 ant,
546 2175 613 2240 tab.
638 2181 687 2254 96,
713 2176 755 2257 1).
799 2175 906 2240 Elam
943 2177 976 2238 in
1008 2177 1230 2240 monumentis
1259 2175 1418 2239 recenlio-

193 2282 237 2346 ris
259 2283 337 2346 artis
360 2303 599 2366 nonnunquam
623 2285 704 2349 haec
727 2305 802 2349 rara
823 2287 930 2349 forma
952 2291 1097 2350 ratarum
1121 2285 1273 2361 occurrit;
1309 2285 1388 2348 cons
1406 2321 1418 2331 -

194 2411 248 2455 ras
281 2409 339 2454 vas
365 2392 540 2474 quoddam
566 2393 711 2458 Atticum
739 2395 781 2477 (u.
810 2395 967 2473 Gerhard
989 2395 1028 2458 A.
1052 2395 1112 2457 Vb.
1136 2395 1158 2472 l,
1188 2395 1257 2476 41),
1294 2394 1324 2456 in
1353 2413 1418 2486 quo

192 2500 340 2564 Bacchus
371 2506 508 2584 apparet
535 2506 633 2583 alque
661 2503 797 2567 alterum
827 2523 886 2566 vas
910 2503 1025 2567 eodem
1052 2503 1125 2566 loco
1148 2503 1221 2586 (lll,
1257 2503 1330 2582 217]
1363 2503 1419 2566 de-

189 2608 324 2691 pictum.

560 2966 635 3047 lV.
677 2966 740 3048 lle
766 2966 1055 3049 tridentibus.

279 3139 481 3203 Tridentium
507 3141 632 3205 formae
654 3142 819 3207 maximae
842 3142 951 3206 variae
974 3163 1040 3206 non
1070 3143 1224 3224 indignae
1251 3148 1341 3221 sunt,
1378 3145 1418 3206 de

193 3247 312 3328 quibus
343 3248 484 3311 breviter
518 3269 733 3329 exponamus,
778 3250 969 3331 Compluria
999 3271 1113 3316 eorum
1146 3271 1265 3332 genera
1298 3252 1418 3316 discer-

193 3357 301 3419 nenda
324 3362 415 3420 sunl:

278 3491 307 3567 1)
336 3490 508 3554 'l'ridentes
540 3493 571 3554 in
599 3493 734 3573 picturis
764 3495 806 3557 ad
848 3495 983 3559 moduni
1011 3495 1272 3576 sciagrapbieum
1314 3497 1418 3572 lactis

191 3598 295 3661 tribus
331 3599 483 3662 dentibus
516 3601 687 3665 hebetibus
724 3607 754 3665 et
789 3603 915 3667 obtusis
948 3611 1005 3669 aut
1040 3604 1140 3668 semel
1180 3609 1337 3685 quattuor
1371 3605 1417 3687 (in

192 3708 258 3770 tab.
282 3708 357 3789 464)
378 3708 535 3773 instructi.

276 3842 308 3923 2)
336 3843 510 3908 Tridenles
539 3846 644 3909 torma
673 3846 782 3911 furcae
807 3847 948 3930 vulgaris
971 3852 1025 3929 (ol,
1048 3849 1114 3912 tab.
1139 3855 1214 3932 349,
1243 3855 1318 3926 378,
1346 3857 1417 3928 463,

191 3950 268 4013 Gau.
291 3950 379 4014 arch.
403 3971 476 4032 pag.
503 3959 561 4015 104
585 3953 669 4037 etc).

276 4085 307 4166 3)
332 4084 516 4164 Tudertes,
539 4107 677 4167 quorum
705 4088 820 4166 dentes
843 4091 957 4154 breves
980 4097 1050 4155 arte
1073 4092 1105 4154 in
1127 4092 1200 4174 ipso
1219 4103 1320 4175 scapo
1339 4115 1418 4158 con·

191 4191 312 4255 sistunt
334 4193 386 4274 (ct'.
409 4194 474 4258 tab.
501 4199 569 4270 780;
594 4200 653 4258 813
677 4197 760 4278 etc).

276 4327 308 4408 4)
336 4328 372 4392 ln
399 4328 594 4392 transtillum
621 4331 723 4394 modo
754 4331 927 4409 directum,
964 4335 1065 4397 modo
1096 4340 1266 4399 curvatum
1294 4337 1417 4419 dantes,

193 4435 268 4500 lolia
291 4440 349 4498 aut
371 4455 520 4518 gemmae
542 4437 689 4502 immissa
711 4445 797 4502 sunt.
