3230 4942
763 234 768 246 ’
796 267 812 312 a

187 403 220 467 in
244 404 404 488 tabellis1)
428 408 592 491 utrimque
606 412 769 477 decoratis
786 414 1003 482 inveniuntur.
1033 418 1142 496 Quare
1160 419 1414 502 improbandum

187 516 246 591 est,
269 515 359 594 quod
381 515 553 582 Benndorf
572 519 591 583 l.
615 540 641 584 c.
665 541 738 602 pag.
764 529 800 585 16
824 524 915 588 dicit:
944 525 1013 600 „die
1032 530 1154 591 erstere
1176 529 1250 611 (Art
1271 528 1330 592 der
1351 531 1413 594 Be-

187 621 351 705 festigung
373 626 477 690 durch
497 629 639 711 Bander)
663 631 704 695 ist
728 633 779 695 fiir
802 633 984 716 diejenigen
999 635 1191 718 Exemplare
1214 639 1413 717 undenkbar‚

190 733 312 798 welche
336 735 419 800 auch
444 737 486 800 im
511 741 647 804 unteren
671 741 767 804 Rand
797 743 848 806 ein
871 743 1036 809 Bohrloch
1060 746 1181 826 zeigen.
1241 747 1413 812 Dieselben

186 841 317 907 kdnnen
332 845 523 910 schwerlich
534 847 665 928 andem,
688 849 737 914 als
754 851 857 916 durch
870 853 963 918 Stitte
979 854 1132 936 befesligt
1148 875 1298 937 gewesen
1313 857 1410 921 sein.“

272 951 369 1017 Color
383 954 515 1035 argillae
529 957 725 1023 tabellarum
745 961 854 1025 varius
870 966 928 1040 est,
952 964 1052 1027 modo
1073 965 1179 1028 ssavus
1198 967 1248 1030 vel
1272 966 1413 1030 subviri-

187 1059 256 1138 dis„
267 1062 367 1126 modo
382 1063 511 1141 rutilus3
531 1067 736 1149 superficiem
750 1071 993 1151 nonnullarum,
1014 1092 1099 1154 quae
1113 1073 1320 1138 increscentis
1335 1075 1413 1139 artis

186 1171 390 1253 temporibus
425 1173 588 1254 perfectae
616 1180 693 1242 sunt
723 1178 776 1260 (cl.
800 1179 865 1245 tab.
888 1181 974 1256 486),
1008 1182 1107 1245 rubro
1130 1182 1239 1247 colore
1260 1183 1413 1248 infectam

188 1280 300 1347 cernis,
344 1281 479 1347 Materia
503 1284 636 1364 argillae
658 1287 789 1369 saepius
810 1290 917 1352 tenuis
951 1293 999 1354 est
1032 1295 1064 1354 et
1098 1291 1267 1375 diligenter
1296 1294 1412 1372 efficta,

188 1391 293 1454 rarius
316 1392 463 1473 asperior
484 1398 516 1457 et
538 1395 648 1475 parvis
670 1395 814 1461 silicibus
832 1397 942 1462 mixta.
983 1400 1102 1464 Latera
1123 1401 1330 1480 tabellarum,
1354 1403 1413 1466 etsi

191 1500 304 1565 crebro
328 1521 395 1566 non
419 1503 500 1568 satis
523 1504 622 1585 plana
645 1510 677 1569 et
699 1525 806 1588 aequa
829 1513 915 1586 sunl,
939 1509 1054 1573 crebro
1070 1511 1166 1574 etiam
1191 1517 1341 1578 accurate
1365 1517 1414 1576 at-

188 1628 252 1690 que
275 1611 411 1692 pulchre
433 1613 537 1694 polita
559 1619 728 1696 apparent.
778 1617 875 1680 Addo
899 1619 1104 1699 superficiem
1125 1619 1321 1685 tabellarum
1344 1622 1413 1703 ple·
1448 1649 1462 1690 r

189 1739 328 1802 rumque
351 1741 417 1786 non
441 1724 557 1788 eadem
581 1745 660 1790 cura
682 1730 854 1792 tractatam
878 1748 959 1806 esse,
983 1749 1020 1794 ac
1043 1749 1206 1794 vasorum.

271 1830 524 1916 rigmentumu
547 1855 613 1917 qno
645 1836 806 1917 imagines
827 1837 990 1902 obductae
1013 1843 1099 1916 sunt,
1131 1859 1198 1904 non
1222 1841 1329 1905 minus
1355 1861 1412 1904 va·

188 1941 271 2006 rium
296 1961 331 2006 se
353 1943 462 2018 offert;
486 1947 543 2006 aut
563 1944 693 2025 nigrum
717 1950 767 2009 cst
789 1949 846 2009 aut
869 1945 997 2010 luscum
1021 1953 1077 2011 aut
1090 1948 1225 2012 rubrum
1240 1953 1414 2031 propterea

184 2053 274 2136 quod
298 2053 372 2133 igne
395 2053 605 2118 combustum
629 2059 687 2118 est.
734 2055 872 2137 Saepius
896 2057 1002 2137 pictor
1015 2057 1219 2138 pigmentum
1233 2062 1302 2121 tam
1315 2062 1412 2122 tenue

182 2162 290 2240 illevit,
313 2166 349 2226 ut
371 2164 493 2228 ssavum
518 2183 589 2227 esse
612 2163 771 2228 videatur.

267 2271 367 2336 Color
389 2271 488 2336 niodo
512 2272 620 2348 ruber,
657 2273 758 2336 modo
787 2273 953 2338 violaceus
977 2276 1019 2337 ad
1044 2275 1170 2352 faciem,
1206 2276 1335 2353 collum,
1359 2277 1410 2340 hi·

182 2381 331 2458 matium,
366 2384 476 2462 partes
499 2381 646 2462 corporis
673 2381 897 2462 prominentes
926 2382 1105 2446 coloranda
1133 2384 1300 2464 pigmento
1338 2405 1411 2450 sae·

182 2489 318 2572 pissime
340 2489 495 2553 inductus
518 2493 575 2552 est.
634 2489 784 2554 Colorem
809 2490 930 2568 album,
968 2491 1022 2572 qui
1055 2491 1177 2572 ubique
1198 2493 1263 2555 lere
1286 2493 1411 2557 deletus

183 2602 242 2678 est,
266 2618 341 2662 raro
364 2597 560 2663 tabellarum
583 2598 725 2680 pictores
749 2599 978 2664 adhibuerunt.
1007 2599 1070 2675 Qui
1095 2601 1188 2664 color
1207 2600 1261 2662 vix
1283 2601 1409 2664 inveni·

182 2713 244 2786 tur,
267 2707 330 2771 nisi
353 2706 446 2771 iniis
470 2707 608 2786 tabellis
631 2725 718 2790 quae
741 2707 919 2771 recentiore
951 2713 1098 2788 ternpore
1128 2708 1234 2771 factae
1257 2713 1333 2772 sunt
1356 2711 1408 2790 (cf.

182 2815 247 2880 tab.
271 2821 342 2893 486,
372 2816 455 2897 764).
512 2815 640 2892 Quibus
662 2815 695 2879 in
719 2815 853 2896 picturis
881 2815 907 2878 si
929 2834 962 2878 re
984 2834 1061 2878 vera
1084 2815 1278 2879 feminarum
1300 2818 1410 2882 nudae

182 2929 292 3005 partes
315 2944 353 2988 eo
379 2924 522 3005 insignes
547 2925 687 3003 luerunt,
712 2944 780 2988 non
794 2923 939 3005 argillae,
963 2922 1047 2986 sicut
1070 2928 1139 2986 erat
1156 2944 1228 2988 mos
1247 2925 1409 2990 artificum

182 3033 436 3110 Corinthiorum,
462 3033 520 3096 sed
543 3033 712 3114 pigmento
735 3032 834 3095 illitus
858 3031 927 3094 luit.
971 3031 1135 3112 Singulari
1158 3037 1269 3096 autem
1299 3035 1410 3099 colore

182 3144 281 3207 rubro
304 3143 410 3225 pictor
432 3143 474 3206 ad
497 3161 629 3205 carnem
650 3141 861 3204 colorandam
883 3159 964 3202 usus
987 3139 1091 3203 estin
1114 3141 1179 3206 tab.
1195 3147 1255 3203 387
1263 3165 1270 3216 ;
1295 3143 1409 3208 similis

183 3251 274 3316 color
296 3250 439 3314 chilonis
462 3254 561 3331 atque
583 3248 711 3312 himalii
734 3249 765 3311 in
789 3249 855 3311 tab.
879 3253 939 3310 393
963 3251 994 3310 et
1012 3248 1184 3332 puppis(?)
1207 3249 1240 3312 in
1262 3251 1328 3316 lab.
1348 3257 1407 3315 661

183 3360 391 3442 conspicitur.
448 3359 484 3421 ln
516 3357 676 3421 eiusmodi
699 3355 834 3436 picturis
872 3355 1068 3420 lineamenta
1104 3357 1272 3437 pigmento
1305 3359 1409 3426 diluto

181 3474 258 3534 sunt
280 3469 388 3534 ducta.

266 3575 426 3659 Pingendi
448 3575 510 3639 tria
533 3593 653 3654 genera
677 3573 907 3637 discernimus:

266 3687 410 3768 picturas
433 3685 476 3747 ad
499 3684 636 3746 modurn
660 3681 922 3765 sciagraphicum
945 3685 1059 3762 factae,
1094 3683 1207 3748 leviter
1237 3690 1336 3768 atque
1358 3687 1409 3750 in·
1522 3727 1524 3730 -

182 3797 334 3860 accurate
369 3793 486 3874 pictas,
519 3792 552 3852 in
586 3790 707 3871 quibus
729 3791 816 3854 intus
840 3791 946 3854 lineae·
967 3791 1086 3856 duetae
1115 3811 1182 3856 non
1212 3799 1289 3857 sunt
1332 3795 1409 3876 (Sil-

182 3901 495 3978 houettenmanier);
943 3897 944 3900 '
1035 3916 1037 3920 ’

267 4013 419 4093 picturas
459 4027 598 4090 quarum
631 4009 771 4072 maiores
802 4013 911 4090 partes
948 4009 1090 4073 colorem
1121 4009 1254 4090 argillae
1277 4011 1407 4077 habent.

184 4117 458 4203 (Thongrundige
478 4117 633 4202 Manier);

266 4359 286 4427 l)
304 4361 338 4416 cf.
355 4359 492 4424 tabellam,
511 4361 627 4428 quaein
646 4359 706 4412 Gaz.
725 4361 790 4412 arch
809 4359 875 4414 1880
892 4377 951 4429 pag.
972 4360 1104 4413 loo-106
1123 4358 1228 4426 depicta
1244 4364 1292 4412 est.

122 4451 125 4464 '
245 4455 287 4520 ·²)
305 4453 364 4506 Hoc
381 4452 494 4506 nomine
510 4458 635 4506 nostrum
655 4451 788 4517 „Firniss“
810 4453 924 4520 appello.
