3230 4942
685 344 701 350 ..
731 263 881 350 ..¹²„a

170 413 371 497 quaerimus
395 433 474 478 num
497 415 669 497 Neptunus
692 415 725 478 in
747 415 799 478 his
821 414 957 497 picturis
980 418 1149 497 appareat,
1177 413 1316 478 tabellae
1338 419 1398 475 4844

169 522 254 588 43440
278 522 432 588 habende
456 525 515 601 054,
538 522 571 586 43
593 543 659 604 qua
683 523 832 604 depictus
856 526 905 586 054
924 509 1094 605 Neptunus
1117 523 1216 604 longa
1238 526 1326 586 veste
1350 521 1399 584 in·

170 632 271 695 dutus
294 630 410 695 habitu
433 630 571 712 vulgari,
594 632 645 694 cui
668 632 833 713 praecedit
856 631 904 695 vir
925 631 1044 709 nudus,
1054 632 1078 712 ¹)
1112 631 1168 712 qui
1205 630 1320 694 hastile
1343 651 1400 694 eo·

169 740 243 804 dem
267 739 367 804 modo
391 744 491 821 etque
514 760 614 821 sopra
637 741 702 803 dixi
725 741 847 816 vibrat3
875 745 975 822 034434
993 740 1051 803 4444
1076 743 1107 803 04
1128 739 1298 822 cuspidem
1321 739 1399 804 has·

168 847 234 912 tilis
258 849 365 912 deleta
388 868 459 912 esse
482 849 643 913 dolemus,
687 850 787 914 Cuius
811 849 870 913 viri
894 870 968 913 cum
993 850 1162 914 dexterum
1183 848 1330 930 corporis
1351 849 1400 912 la·

168 957 703 1036 43513043343340434444144440
739 959 890 1022 simillimi
919 959 951 1022 in
982 959 1048 1023 tab.
1072 965 1130 1021 471
1169 961 1398 1022 003504434343

169 1066 211 1130 544
234 1086 475 1149 mensuraeque
497 1086 674 1149 corporum
698 1069 832 1132 eaedem
865 1069 931 1132 fere
966 1068 1040 1145 5434,
1073 1067 1208 1132 40454433
1233 1067 1399 1150 putaveris

168 1178 283 1242 ambas
306 1177 444 1242 tabellas
463 1177 561 1241 unius
583 1177 723 1242 tabellae
743 1178 895 1260 reliquias
910 1198 991 1255 esse,
1006 1198 1072 1260 quo
1090 1181 1178 1242 00440
1193 1178 1399 1241 demonstra-

167 1292 237 1351 tum
262 1291 349 1352 esset
370 1287 475 1351 virum
500 1287 589 1352 illum
615 1287 740 1351 nudum
765 1307 832 1351 non
855 1307 929 1351 esse
950 1289 1148 1370 Neptunum.
1211 1287 1274 1351 Sed
1313 1287 1399 1366 freg-

167 1401 289 1476 menta‚
314 1415 401 1478 quae
418 1396 449 1460 in
465 1417 580 1460 museo
593 1396 795 1460 Berolinensi
820 1397 1066 1479 comparabam,
1089 1397 1173 1461 inter
1195 1417 1229 1460 se
1251 1396 1399 1477 adaptari

168 1526 234 1569 non
256 1526 355 1588 posse
377 1506 524 1588 cognovi.
571 1505 678 1570 Nihilo
702 1507 801 1571 setius
824 1506 939 1570 ambas
962 1511 1072 1588 partes
1096 1507 1244 1588 corporis
1267 1506 1313 1570 443
1333 1506 1398 1569 404·-

169 1619 281 1678 343430
304 1620 391 1692 5334,
425 1619 461 1677 34.
484 1616 586 1678 altera
609 1615 746 1679 alteram
769 1616 929 1696 suppleat.
987 1615 1101 1696 ltaque
1135 1615 1307 1678 verisimile
1341 1617 1398 1690 est,

169 1744 210 1786 ne
232 1723 338 1787 dicam
360 1728 484 1787 certum
506 1723 613 1786 virum
636 1723 760 1788 nudum
775 1729 807 1788 et
821 1725 853 1788 in
875 1725 943 1789 tab.
966 1730 1025 1787 471
1051 1729 1082 1786 04
1100 1724 1209 1787 434314.
1233 1729 1294 1786 488
1318 1743 1398 1786 eun-

169 1832 244 1896 dem
268 1832 365 1896 deum
387 1833 435 1896 401
461 1833 592 1900 heroem
614 1833 807 1913 significare.
866 1835 975 1915 Atque
1008 1833 1138 1896 034343
1178 1833 1243 1896 tab.
1267 1839 1327 1894 489
1350 1833 1400 1894 444·

168 1943 220 2006 4110
242 1942 412 2022 Νο44433445
437 1961 509 2005 0550
532 1962 599 2005 303
622 1942 735 2024 possit,
759 1943 855 2006 etiam
878 1943 909 2006 in
934 1943 998 2008 tab.
1022 1949 1079 2004 471
1105 1949 1135 2006 04
1158 1948 1218 2004 474
1237 1961 1398 2005 03430550

168 2051 356 2132 Neptunum
381 2049 577 2132 negaverim.
590 2051 616 2132 2)

254 2161 324 2224 Hos
346 2160 444 2240 igilur
462 2160 604 2241 Neptuni
627 2166 725 2241 typos
749 2161 780 2222 in
804 2161 930 2224 431401145
953 2161 1189 2242 conspicimus:
1230 2161 1259 2235 ll
1282 2164 1398 2240 typum

168 2269 311 2350 Neptuni
334 2269 434 2348 longa
456 2273 547 2332 veste
569 2268 684 2344 induti,
706 2269 878 2332 tridentem
903 2269 1023 2332 directe
1047 2273 1079 2332 et
1098 2269 1399 2350 tranquilletenen-

168 2377 222 2453 445;
264 2377 296 2458 2)
330 2377 472 2458 Neptuni
496 2377 643 2458 aequalis
665 2377 838 2440 tridentem
871 2377 1041 2458 paululum
1064 2377 1219 2440 declivem
1244 2375 1398 2458 gerentis3

168 2485 200 2567 3)
223 2485 366 2567 Neptuni
390 2485 468 2548 nudi
493 2490 547 2548 3444
571 2485 660 2548 brevi
684 2485 794 2549 tunica
818 2485 921 2549 induti
945 2486 1076 2550 modico
1100 2487 1202 2567 gradu
1224 2484 1396 2548 tendentis,

167 2594 302 2658 Frustra
324 2597 434 2658 autem
459 2593 660 2675 quaesiveris
683 2594 872 2675 Neptunum
895 2595 993 2675 longa
1016 2598 1105 2659 40540
1141 2594 1307 2670 343404334,
1340 2593 1396 2673 qui

168 2703 315 2767 celeriter
337 2703 478 2779 incedat,
502 2703 609 2784 qualis
633 2703 665 2766 43
690 2703 778 2767 43545
801 2704 917 2767 Atticis
941 2704 1090 2767 occurrit.

251 2811 364 2892 Neque
400 2811 523 2892 ubique
545 2811 716 2892 Neptunus
748 2812 838 2875 solus
862 2816 920 2889 est,
955 2832 1028 2875 curn
1060 2812 1218 2894 saepeei
1253 2811 1397 2874 coniunx

166 2919 368 3002 Amphitrite
389 2919 545 2983 adiuncta
577 2919 618 2982 sit
648 2919 780 2983 chilone
808 2920 907 3002 103440
943 2926 972 2984 04
1001 2921 1136 2984 144433440
1170 2921 1294 2997 induta,
1330 2939 1397 3001 quo

169 3049 410 3110 nonnunquam
433 3028 565 3110 occiput
587 3027 867 3104 1431404401344434;
899 3034 956 3092 3444
979 3035 1094 3094 003443
1117 3035 1173 3092 334
1196 3049 1262 3092 una
1288 3027 1397 3092 00354-

168 3143 259 3202 54334
284 3143 341 3202 3444
364 3157 460 3203 044443
484 3139 577 3218 equis
601 3137 712 3200 iuncto
735 3138 907 3202 vehuntur.
952 3139 1071 3202 Rarius
1095 3138 1294 3220 Amphitrite
1325 3137 1397 3200 5013

168 3248 296 3331 depicta
319 3253 369 3312 054
392 3253 423 3311 04
446 3247 620 3329 aliquoties
642 3251 806 3327 sceptrum
830 3253 887 3311 aut
910 3269 1065 3313 00403334
1090 3252 1204 3328 gestat.

250 3356 402 3440 Neptuno
426 3356 631 3438 propinquus
654 3360 703 3418 est
726 3355 851 3435 Triton,
874 3357 966 3421 cuius
990 3358 1200 3420 simulacrum
1225 3355 1273 3417 bis
1298 3355 1330 3416 43
1346 3359 1396 3418 43-

166 3464 259 3529 bellis
282 3483 318 3527 se
340 3463 490 3545 praebet3
513 3463 659 3528 Tritonis
673 3465 778 3546 figura
802 3471 952 3529 accurate
976 3465 1139 3544 descripta
1162 3462 1343 3544 permansit
1363 3462 1398 3524 in

166 3573 295 3656 picture
317 3572 458 3636 tabellae
480 3592 586 3654 paene
609 3573 753 3653 integrae
775 3579 846 3650 485,
882 3574 915 3635 43
947 3593 1014 3655 qua
1044 3576 1172 3656 praeter
1198 3589 1273 3633 0343
1296 3569 1397 3633 044343

168 3681 359 3764 4404443335,
397 3681 615 3762 Amphitrite,
649 3681 713 3745 alia
745 3683 868 3744 femina
898 3687 1070 3762 apparent3
1105 3685 1205 3761 caput
1235 3679 1332 3757 longe
1366 3684 1400 3742 et

166 3789 358 3866 4004334434,
400 3794 436 3852 34
463 3789 560 3853 deum
584 3791 747 3855 marinum
779 3792 881 3866 decet,
913 3789 1065 3853 crinitum
1094 3793 1125 3851 et
1147 3788 1324 3850 barbatum
1348 3792 1399 3851 est

241 3937 258 3940 ..
285 3933 397 3942 ...ο-η...

253 4007 273 4071 ¹)
291 4006 506 4074 Furtwaengleri
525 4008 668 4076 descriptio
685 4008 713 4060 in
726 4012 803 4076 443440
816 4007 886 4060 13153
900 4012 952 4068 054;
972 4022 1060 4072 3044440
1073 4005 1146 4058 03443
1159 4021 1223 4057 4040
1233 4005 1299 4058 dicit
1307 4006 1400 4058 virum

167 4099 270 4151 nudum
289 4097 423 4165 respicere
439 4114 528 4166 neque
547 4099 742 4152 animadvertit
760 4105 834 4150 certe
846 4096 961 4164 vestigia
979 4097 1093 4158 hastilis,
1112 4096 1184 4162 quod
1203 4095 1399 4149 433334414434.

250 4189 270 4253 ²)
288 4189 401 4243 Etiamsi
420 4191 449 4243 in
467 4191 522 4244 teb.
540 4191 591 4244 540
608 4207 692 4258 eques
710 4190 829 4244 tridente
847 4194 970 4242 armatus
988 4205 1017 4240 40
1034 4202 1099 4239 4043
1117 4201 1174 4240 non
1190 4186 1325 4239 barbatus
1354 4186 1401 4250 sit,

169 4287 262 4334 tamen
282 4297 372 4334 meam
391 4283 549 4351 opinionem
567 4283 698 4336 sustineo.
726 4282 795 4334 Nem
814 4297 875 4334 cum
890 4278 994 4332 maiore
1013 4276 1251 4330 verisimilitudine
1269 4278 1401 4331 contendi

166 4371 254 4442 possit
271 4373 337 4427 viris
355 4373 383 4427 in
401 4375 456 4427 tab.
475 4373 533 4439 471,
551 4375 602 4428 472
620 4372 776 4442 conspicuis
794 4387 896 4424 nomen
906 4367 1021 4437 Neptuni
1036 4385 1092 4420 non
1110 4367 1316 4420 attribuendum
1330 4385 1401 4432 esse,

166 4464 231 4534 quid
250 4470 290 4518 est
308 4482 356 4518 eur
374 4465 494 4534 equitem
511 4467 589 4520 illum
608 4466 762 4519 imberbem
780 4463 935 4530 Neptunum
955 4475 1014 4511 0550
1032 4457 1177 4525 putemus?
