3230 4942
778 233 813 285 34

538 431 607 546 11.
643 431 706 512 110
733 452 782 512 10
808 430 1046 514 vestiaria.

264 585 300 647 ln
336 603 405 647 rem
440 582 625 646 vestiariam
662 583 906 646 Corinthiorum
943 583 1006 646 hoc
1042 583 1115 646 loco
1143 582 1306 664 inquirere
1338 581 1412 644 ideo

182 693 323 756 inarime
352 691 478 770 attinet,
515 691 605 772 quod
638 690 728 772 ipsae
763 691 915 770 tabellae,
952 691 1056 773 qualis
1086 692 1256 768 caluerit,
1289 691 1415 772 optime

181 792 311 865 docent.
368 801 477 883 Atque
507 801 633 863 initium
668 801 827 863 ducamus
857 819 877 864 a
907 799 1122 864 describenda
1145 801 1287 864 virorum
1312 802 1413 862 veste.

181 911 352 993 Neptunus
381 909 506 990 virique
533 909 708 978 nobiliores
738 909 804 972 duo
835 909 1028 972 vestimenta
1066 913 1209 990 gestant,
1246 908 1413 972 chilonem

181 1023 316 1100 longum
348 1038 454 1100 usque
484 1019 526 1081 ad
555 1017 639 1081 talos
670 1018 867 1082 defluentem
894 1023 925 1081 et
953 1017 1124 1082 himatium
1147 1019 1246 1100 paulo
1270 1017 1413 1081 brevius

181 1131 236 1193 llle
258 1149 325 1193 non
348 1129 500 1192 Doricam
524 1129 665 1191 formam
688 1127 797 1205 habet,
821 1127 879 1192 sed
902 1127 1013 1208 potius
1037 1129 1202 1202 lonicum,
1236 1127 1268 1190 in
1297 1129 1413 1216 hume-

180 1241 224 1302 ris
248 1238 334 1301 enim
358 1241 515 1300 consutus
548 1241 579 1298 et
601 1235 738 1300 manicis
776 1234 817 1298 ad
854 1235 999 1300 cubitum
1037 1236 1103 1300 fere
1137 1234 1412 1300 descendentibus

181 1347 359 1410 instructus
382 1350 444 1424 est,
472 1365 557 1426 quae
585 1345 683 1423 longa
706 1348 820 1407 sutura
845 1345 985 1426 insignes
1007 1350 1093 1408 sunt.
1138 1345 1276 1425 Cingulo
1300 1349 1411 1408 autem

184 1456 296 1519 chiton
320 1457 389 1519 arte
411 1453 593 1517 cohibetur.

267 1564 348 1627 Cum
382 1561 521 1625 chitonis
550 1561 681 1624 habitus
709 1566 809 1642 atque
837 1581 915 1624 usus
943 1561 975 1623 in
1000 1561 1153 1623 omnibus
1176 1560 1303 1624 tabellis
1327 1561 1413 1624 idem

183 1675 248 1738 fere
276 1672 331 1750 sit,
370 1671 580 1734 himatiorum
604 1671 671 1734 duo
694 1689 814 1750 genera
836 1669 1095 1747 internoscimus
1141 1669 1341 1750 Saepissime
1363 1670 1415 1732 hi-

182 1783 320 1846 matium
351 1783 401 1844 est
431 1799 562 1862 pannus
593 1779 769 1862 oblonguS,
793 1779 921 1860 amplus
947 1783 1046 1860 atque
1076 1798 1229 1860 magnuS,
1266 1777 1323 1860 qui
1352 1778 1416 1842 hoc

183 1890 283 1954 modo
307 1888 466 1952 induitur:
501 1888 645 1968 primum
666 1887 762 1964 laevo
786 1887 922 1952 humero
946 1891 1045 1968 atque
1067 1886 1182 1950 cervici
1205 1887 1346 1966 inicitur,
1368 1887 1416 1950 ita

184 2005 218 2064 ut
250 2004 343 2081 parte
372 1999 535 2060 defluente
564 1997 634 2059 eins
657 1997 818 2078 posticum
844 1996 928 2059 latus
951 1996 1309 2077 corporisoblegatur3
1344 2000 1415 2060 tum

184 2108 287 2171 altera
310 2127 386 2188 pars
411 2125 468 2186 per
491 2107 604 2184 pectus
628 2108 659 2167 et
682 2109 829 2166 ventrem
853 2109 951 2184 atque
973 2103 1049 2166 inde
1071 2103 1132 2166 sub
1149 2103 1283 2168 dextero
1301 2103 1416 2178 latere,

186 2235 227 2278 ne
254 2213 423 2278 brachium
453 2213 621 2274 dexterum
655 2211 864 2292 impediatur,
895 2230 993 2292 super
1024 2211 1135 2274 clunes
1163 2217 1194 2274 et
1223 2215 1349 2276 l'emora
1372 2212 1414 2275 ad

182 2327 312 2388 laevum
346 2324 430 2386 latus
463 2322 611 2398 ducitur,
643 2321 701 2383 ubi
732 2326 876 2383 extrema
907 2320 975 2383 eius
1007 2339 1082 2402 pars
1106 2321 1137 2384 in
1162 2321 1255 2384 laevo
1278 2321 1415 2386 brachio

182 2433 369 2514 imponitur.
1112 2500 1115 2505 ,

270 2543 380 2605 Altera
418 2541 523 2604 t'orrna
554 2539 680 2602 himatii
718 2558 784 2601 non
818 2538 863 2600 ita
892 2539 1004 2602 crebro
1036 2539 1068 2602 in
1097 2540 1224 2604 tabellis
1251 2540 1417 2606 invenitur

183 2653 233 2732 (cl.
257 2652 324 2714 tab.
347 2655 418 2727 492,
443 2650 527 2729 1161).
574 2647 644 2709 Ηο0
667 2646 708 2710 ab
733 2647 868 2709 himatio
893 2647 1015 2710 maiore
1038 2667 1076 2712 eo
1103 2649 1284 2732 discrepat,
1320 2650 1414 2730 quod

185 2761 288 2824 multo
322 2757 493 2838 angustius
520 2760 571 2818 est
597 2755 728 2834 alioque
758 2755 856 2818 modo
887 2757 1015 2838 corpori
1038 2759 1240 2839 applicatum
1279 2762 1414 2840 atergo

183 2869 268 2932 enim
304 2867 433 2948 utrique
466 2866 604 2926 humero
638 2863 766 2925 inicitur
798 2869 829 2925 et
851 2864 986 2926 brachia
1007 2867 1176 2947 superiora
1199 2867 1312 2930 velans
1335 2871 1415 2928 ante

181 2981 295 3059 pectus
317 2975 482 3054 utrimque
505 2972 675 3053 dependet.

268 3071 406 3147 ¹Praeter
428 3083 563 3160 longum
586 3079 751 3142 chitonem
775 3080 903 3144 brevior
926 3081 1042 3157 innsu
1064 3081 1137 3160 tirit,
1161 3083 1216 3164 qui
1240 3103 1346 3164 usque
1371 3085 1415 3146 ad

184 3194 292 3258 media
327 3193 453 3254 femora
494 3189 678 3271 pertinebat
714 3193 744 3252 et
781 3190 910 3268 cingulo
947 3195 1015 3253 arte
1051 3191 1414 3274 ci1·cumcludebatur.1)

271 3413 289 3479 ¹)
308 3411 342 3464 In
360 3410 416 3464 tab.
435 3409 546 3462 69111110
566 3409 593 3460 in
610 3407 699 3458 antica
718 3411 794 3474 parte
811 3406 911 3460 scissus
930 3412 971 3460 est
990 3407 1035 3472 ita,
1054 3413 1084 3460 ut
1101 3424 1164 3474 pars
1182 3409 1309 3475 pudenda
1330 3425 1416 3478 appa·

182 3512 291 3558 1001-
309 3503 368 3555 Ηο0
386 3503 446 3554 1000
465 3502 497 3553 (10
517 3501 655 3569 opinione,
675 3515 757 3566 quarn
775 3499 899 3552 Boehlau
919 3499 1039 3567 (Quaest.
1057 3501 1090 3552 de
1108 3517 1137 3552 re
1155 3506 1221 3552 vest.
1237 3499 1332 3554 Graec.
1351 3519 1416 3570 pag.

182 3599 214 3648 1111
233 3595 303 3664 sqql
328 3593 477 3663 proposuit,
505 3593 624 3646 breviter
654 3591 762 3644 uidetur
786 3591 931 3644 dicendum
961 3608 1026 3645 esse.
1071 3591 1123 3658 Qui
1143 3608 1204 3644 curn
1223 3591 1251 3644 in
1271 3595 1416 3647 nonnullis

183 3689 256 3742 vasis
275 3685 458 3740 Corinthiacis
485 3685 574 3737 virum
604 3685 633 3736 in
660 3682 786 3736 draconis
811 3684 927 3736 caudam
945 3683 1122 3746 desinentem,
1146 3699 1227 3750 quem
1247 3685 1414 3752 Typhonem

184 3781 226 3832 vel
245 3780 404 3847 Typhoeum
427 3793 564 3840 vocamus,
585 3776 747 3829 vestimento
766 3775 892 3827 indutum
911 3773 1030 3836 vidisset,
1060 3775 1131 3839 quod
1151 3773 1255 3827 chitoni
1274 3775 1366 3830 simile
1385 3777 1415 3830 in

182 3873 274 3926 antica
292 3877 370 3939 parte
388 3875 452 3924 ante
471 3875 565 3937 pectus
584 3868 731 3922 scissuram
749 3868 841 3931 habet,
867 3868 942 3920 hunc
960 3866 1097 3918 chilonem
1116 3866 1343 3934 antiquissimum
1365 3871 1415 3922 Co·

181 3964 346 4016 cinthiorum
366 3980 425 4016 esse
443 3963 580 4016 censebat.
615 3962 667 4014 Sed
687 3947 786 4014 elnon
804 3959 946 4016 assentior.
989 3958 1057 4010 Nam
1081 3958 1124 4008 hic
1147 3957 1239 4011 chilon
1260 3960 1415 4016 1111510011-

181 4055 243 4108 stris
262 4055 387 4122 proprius
404 4071 463 4108 esse
483 4055 595 4118 videtur,
624 4071 741 4121 quorum
760 4059 838 4119 typos
857 4067 911 4104 non
931 4049 1056 4102 Corinthi
1076 4051 1211 4114 inventos,
1234 4053 1282 4104 sed
1301 4054 1417 4108 aliunde

181 4148 343 4214 importatos
360 4163 417 4200 esse
436 4146 584 4200 verisimile
602 4153 650 4208 est,
670 4151 704 4208 et,
723 4151 857 4212 quantum
877 4143 941 4205 scio,
968 4158 1002 4194 ne
1027 4141 1056 4194 in
1075 4141 1274 4208 antiquissimis
1300 4147 1416 4212 quidem

181 4239 288 4292 tabellis
307 4241 350 4292 vel
368 4241 440 4292 vasis
459 4237 642 4293 Corinthiacis
661 4236 744 4290 aliam
762 4236 879 4302 figuram
902 4234 955 4286 nisi
973 4234 1133 4301 Typhonem
1151 4234 1203 4286 boc
1222 4235 1355 4290 amictam
1377 4240 1416 4291 vi-

180 4331 236 4384 des,
272 4332 414 4386 Chilonem
435 4332 511 4386 illurn
529 4332 579 4384 etsi
598 4330 792 4400 perantiquum
813 4345 872 4380 esse
885 4327 957 4379 haud
972 4341 1050 4392 nego,
1069 4331 1160 4377 tamen
1179 4341 1241 4378 eum
1255 4327 1415 4384 Corinthio·

180 4439 241 4478 rum
259 4424 480 4494 antiquissimum
499 4442 558 4478 csse
577 4441 632 4476 non
652 4423 740 4476 credo.
