3230 4942
652 260 813 345 „A
824 340 847 344 ,
864 320 867 325 -

135 409 226 491 gerit,
250 407 373 494 inqua
397 428 507 490 eques,
532 411 564 472 et
585 409 707 474 tabella
731 415 801 496 761,
830 410 861 474 in
884 430 954 493 qua
970 411 1022 474 166
1045 415 1190 493 apparet.
1245 409 1366 473 Lincae

135 519 307 600 paululum
330 518 509 582 eminentes
533 521 631 598 atque
654 519 770 583 eadem
808 520 935 584 ratione
956 520 1072 598 tactae,
1104 539 1188 603 quae
1210 520 1245 582 in
1267 537 1367 582 orna·

136 632 248 694 menta
269 626 474 709 compositae
507 631 593 702 sunt,
629 627 662 690 in
685 628 888 708 marginibus
911 629 1105 694 tabellarum
1127 628 1223 692 valde
1245 628 1364 691 tracta·

137 757 209 802 rum
233 742 306 813 935,
329 742 389 799 936
413 739 552 800 exstant.
609 737 728 800 Latera
762 757 895 818 quoque
927 757 1043 804 aversa
1077 737 1271 804 tabellarum
1295 740 1368 812 435,

137 850 198 908 539
221 845 314 909 lineis
337 844 498 927 parallelis
521 844 634 908 leniter
657 845 772 910 erectis
799 846 958 910 instructa
980 851 1066 910 sunt.

238 955 400 1036 Singulari
424 973 512 1031 vero,
535 973 577 1017 ne
599 954 707 1018 dicam
731 953 837 1033 unica,
862 955 988 1020 ratione
1001 955 1123 1020 tabella
1136 961 1197 1020 616
1211 955 1370 1020 decorata

138 1071 201 1143 est3
225 1065 341 1130 artilex
363 1065 449 1128 enlm
472 1063 673 1128 lineamenta
694 1065 840 1147 picturae
863 1065 983 1129 inculte
1005 1069 1037 1128 et
1058 1064 1172 1130 inscite
1197 1064 1230 1130 in
1250 1055 1370 1144 'argilla

137 1174 228 1240 molli
251 1173 373 1238 incidit.

241 1283 364 1348 Crebro
387 1283 535 1364 picturae
557 1282 752 1348 tabellarum
768 1281 971 1364 simplicibus
992 1282 1148 1348 limitibus
1172 1282 1271 1347 modo
1294 1282 1370 1347 latis

137 1394 239 1458 modo
262 1395 411 1474 angustis
435 1396 491 1456 aut
516 1391 608 1456 lineis
631 1391 940 1456 circumcludantur.
993 1391 1237 1472 Nonnunquam
1269 1390 1368 1454 etiam

138 1503 322 1568 artificiosis
357 1502 560 1567 omamentis
591 1503 673 1583 (om.
697 1500 895 1579 Maeandrio,
931 1500 1052 1581 spirali,
1084 1500 1253 1576 undulata,
1283 1499 1370 1582 aliis)

138 1612 302 1696 margines
325 1611 475 1675 instructi
498 1615 584 1674 sunt.
630 1609 665 1672 ln
693 1613 787 1692 parte
809 1609 978 1690 superiore
999 1609 1139 1672 tabellae
1162 1607 1371 1672 66561166-

138 1727 205 1786 tem
227 1720 425 1786 latissimum
449 1719 566 1796 cernis,
589 1737 685 1800 quem
710 1717 840 1799 explent
866 1718 925 1781 viri
948 1716 1157 1782 Corinthiaco
1182 1716 1371 1782 16666166-

140 1829 209 1894 cive
228 1830 396 1895 saltantes.
421 1826 744 1892 Commemoratione
757 1830 866 1890 autem
882 1825 1111 1907 dignissimum
1125 1828 1175 1888 est
1189 1825 1372 1905 marginem

140 1939 344 2022 superiorem
366 1937 506 2003 tabellae
529 1934 685 2018 pulchrae
707 1939 768 1997 486
791 1934 824 1998 16
847 1934 987 1998 formam
1010 1933 1141 2016 cymatii
1163 1933 1272 1997 Dorici
1293 1953 1372 2013 pro·

140 2047 295 2113 minentis
318 2045 485 2110 coloribus
508 2043 615 2108 ornati
637 2043 781 2107 effictum
805 2062 884 2106 esse.

242 2156 366 2220 Omnes
402 2154 469 2219 fere
509 2151 648 2216 tabellae
679 2150 946 2232 inscriptionibus
969 2150 1117 2229 signatae
1138 2153 1223 2227 sunt,
1250 2148 1373 2230 quibus

140 2267 296 2348 Neptuno
319 2263 568 2338 dedicabantur,
600 2264 633 2324 et
667 2259 758 2324 varia
779 2259 948 2339 multaque
970 2257 1106 2322 nomina
1128 2257 1275 2321 virorum
1298 2257 1378 2339 pio-

141 2395 215 2438 rum
241 2373 402 2455 leguntur.
460 2370 573 2451 Neque
610 2373 719 2433 tamen
757 2385 796 2429 ex
828 2365 1093 2447 inscriptionibus
1129 2365 1373 2444 cognoscimus

142 2483 274 2566 qualem
306 2481 393 2544 vitae
428 2477 655 2543 condicionem
686 2475 730 2538 illi
753 2472 937 2538 habuerint.
997 2473 1086 2536 Licet
1109 2477 1218 2536 tamen
1243 2473 1375 2554 opinari

142 2611 308 2676 pauperes
328 2594 359 2653 et
382 2587 544 2670 ignobiles
567 2584 718 2648 homines
741 2582 802 2647 deo
826 2581 901 2644 vilia
925 2581 979 2644 illa
1001 2581 1089 2644 dona
1111 2579 1257 2655 dedisse;
1294 2600 1376 2644 nam

143 2720 246 2786 parva
280 2697 403 2763 tabella
435 2694 542 2759 fictilis
564 2692 662 2757 etiam
685 2691 724 2755 iis
746 2689 950 2770 temporibus
973 2688 1063 2752 haud
1085 2687 1195 2768 magni
1219 2688 1377 2754 aestima·

144 2813 251 2877 batur.
302 2805 447 2882 Accedit,
479 2802 569 2886 quod
595 2798 791 2865 tabellarum
813 2795 971 2876 imagines
995 2795 1084 2878 ipsae
1107 2795 1139 2858 in
1162 2800 1290 2878 partem
1314 2785 1381 2862 do?

144 2940 218 2986 ecre
240 2918 400 2994 videntur,
423 2913 537 2996 quales
559 2909 679 2974 luerint
693 2906 878 2971 donatores.
914 2905 1027 2986 Neque
1050 2904 1146 2979 enim,
1172 2905 1377 2988 ubicumque

144 3029 276 3096 officina
298 3023 455 3106 figularis,
477 3021 637 3096 fornaces
659 3013 802 3092 metalla,
825 3031 926 3076 naves
948 3018 1117 3094 apparent,
1153 3013 1378 3079 dubitandum

143 3143 202 3217 est,
236 3136 315 3220 quin
346 3134 378 3198 in
416 3127 580 3196 eiusmodi
602 3123 730 3188 tabellis
757 3122 778 3185 ii
801 3121 856 3203 qui
880 3139 936 3184 eas
959 3119 1194 3184 dedicaverunt
1215 3141 1320 3203 opera
1342 3123 1376 3187 in

144 3248 264 3331 quibus
300 3244 362 3327 ipsi
398 3239 616 3304 versabantur
637 3229 871 3314 expresserint,
916 3229 1016 3310 quin,
1047 3233 1083 3292 ut
1111 3230 1262 3311 exemplo
1290 3235 1377 3309 utar,

144 3355 266 3422 tabella
288 3351 378 3434 figuli
401 3347 543 3430 imagine
566 3345 682 3408 omata
703 3357 724 3404 a
745 3338 845 3418 figulo
869 3337 1015 3419 quodam
1037 3357 1199 3419 suspensa
1221 3338 1327 3404 tuerit.

158 3446 159 3450 Ἰ
247 3463 471 3528 Transeamus
493 3472 580 3519 nunc
592 3451 635 3516 ad
650 3446 883 3513 describendas
897 3446 1089 3511 tabellarum
1103 3447 1259 3528 picturas.
1290 3449 1377 3514 Rem

144 3578 190 3641 ita
212 3572 391 3646 instituam,
428 3570 464 3630 ut
495 3564 527 3626 in
562 3578 681 3641 magna
715 3556 871 3637 variaque
905 3575 1017 3620 earum
1049 3555 1258 3620 multitudine
1285 3563 1378 3622 certa

144 3685 345 3767 picturarum
370 3691 490 3758 genera
511 3670 707 3734 discernam.
751 3664 866 3728 Dicam
889 3663 975 3728 enim
999 3664 1039 3728 de
1053 3663 1241 3729 numinibus
1265 3665 1376 3731 heroi-

145 3794 274 3872 busque
296 3820 333 3830 -
363 3785 403 3848 de
426 3778 565 3845 metallis
587 3775 856 3855 aerariorumque
879 3777 947 3836 arte
972 3809 1006 3818 —
1040 3772 1081 3836 de
1108 3772 1297 3838 fornacibus
1333 3813 1376 3822 -

147 3902 188 3964 de
210 3898 323 3980 figlina
345 3931 385 3940 -κ
409 3891 449 3955 (16
472 3888 612 3952 navibus
640 3923 650 3930 -
698 3882 934 3965 demonibus,
962 3881 1128 3958 militibus
1161 3883 1376 3948 venatoribus

146 4051 188 4061 -
212 4009 253 4072 de
277 4003 391 4069 bestiis
406 3995 672 4077 ornamentisque
688 4031 723 4042 -—
743 3992 784 4056 de
806 3991 1084 4073 inscriptionibus.
1120 3990 1247 4066 Quibus
1264 4011 1377 4073 pauca

146 4120 186 4183 de
209 4111 375 4182 nonnullis
399 4107 533 4192 picturis
556 4103 637 4168 raris
652 4103 701 4166 vel
716 4101 936 4182 singularibus
958 4099 1095 4180 aliisque
1118 4097 1216 4162 rebus
1238 4100 1374 4166 addam.

556 4339 955 4352 W
