3230 4942
32 4503 36 4632 i

789 253 826 307 15

275 406 323 470 Ac
347 424 387 468 ne
410 403 521 468 Troici
543 402 676 485 quidem
700 403 815 495 proelii
838 404 948 485 imago
971 404 1004 468 in
1026 402 1155 468 tabellis
1179 403 1279 468 deest.
1310 403 1346 469 ln
1369 408 1419 468 ta-

191 513 280 579 bella
303 519 363 576 764
386 511 493 590 enim,
531 511 572 575 de
603 531 670 592 qua
701 511 766 576 iam
803 512 835 576 in
866 531 942 594 pag.
980 519 1018 576 14
1049 512 1250 578 mentionem
1273 512 1419 594 fecimus

193 627 357 688 certamen
382 621 525 686 Pandari
549 625 581 684 et
605 620 772 686 Diomedis
794 621 896 699 vides,
931 621 981 685 cui
1005 621 1167 686 intersunt
1189 621 1363 691 Sthenelus
1386 627 1418 686 et

193 731 319 794 Teucer
341 729 528 810 sagittarius
551 734 651 810 atque
672 728 857 813 Minerva1).

275 841 482 904 Postremum
506 839 548 902 de
569 837 691 903 tabella
715 843 774 902 769
806 838 966 904 hocloco
998 859 1106 922 pauca
1140 859 1422 906 commemorave·

192 949 262 1014 rim.
306 949 561 1029 Furtwaengleri
582 947 669 1012 enim
691 947 902 1030 descriptioni
924 969 990 1013 non
1013 949 1111 1030 plane
1134 949 1309 1017 assentior.
1336 935 1422 1015 Nam

193 1058 320 1123 affirmo
351 1057 518 1122 hominem
557 1057 738 1121 imberbem
774 1077 842 1120 non
877 1058 1005 1122 clavam
1033 1062 1178 1140 gestare,
1213 1060 1271 1124 sed
1293 1077 1441 1124 ramum¹

193 1167 378 1248 nodosum,
414 1167 507 1231 cuius
543 1166 620 1230 folia
655 1167 687 1230 in
728 1171 873 1230 extremo
909 1167 1003 1231 laevo
1031 1169 1152 1249 angulo
1175 1169 1423 1250 conspiciuntur

194 1280 294 1358 atque
328 1277 479 1358 suspicor
499 1275 551 1356 id,
588 1275 678 1356 quod
700 1275 946 1356 Furtwaengler
983 1277 1095 1352 ,einen
1119 1278 1276 1342 unklaren
1299 1277 1423 1342 Ansatz

196 1387 239 1449 im
263 1386 418 1450 Riicken“
445 1385 612 1462 nominat,
641 1385 781 1448 fortasse
812 1384 939 1449 initium
974 1387 1121 1466 eorporis
1144 1386 1254 1468 equini
1284 1406 1356 1451 esse
1378 1387 1423 1450 ita

195 1498 232 1558 ut
251 1495 314 1559 hac
336 1494 441 1575 figura
463 1496 638 1558 centaurus
661 1493 797 1576 quidam
818 1493 1027 1576 significetur,
1051 1494 1108 1577 qui
1130 1515 1269 1574 ramum,
1293 1500 1329 1560 ut
1351 1515 1423 1560 sae-

195 1603 269 1685 pius
291 1603 434 1666 invasis
457 1601 593 1666 vetustis
617 1601 786 1680 videmus,
808 1622 910 1667 manu
933 1607 1050 1669 teneat.
1094 1603 1208 1686 Neque
1230 1603 1339 1668 minus
1363 1604 1423 1668 du-

195 1712 288 1776 bium
310 1715 381 1790 est,
415 1731 495 1775 nuni
518 1712 599 1776 alter
634 1711 684 1774 vir
706 1715 932 1792 tegumentum
968 1712 1131 1795 incapite
1166 1711 1296 1780 habeat,
1340 1713 1423 1778 Nam

197 1841 272 1884 cum
293 1821 393 1884 facies
416 1820 556 1884 adversa
578 1820 708 1903 depicta
730 1820 787 1898 sit,
810 1819 898 1884 mala
920 1821 1053 1904 pictoris
1077 1826 1146 1886 arte
1168 1821 1247 1886 mihi
1271 1821 1422 1886 effectum

199 1915 439 2007 esse'videtur,
474 1933 511 1994 ut
526 1929 637 1994 crines
659 1929 721 2010 ipsi
757 1929 872 2012 capitis
896 1930 1075 2010 tegumenti
1105 1931 1249 2012 speciem
1272 1934 1424 2013 spectan-

198 2038 277 2101 tium
302 2038 405 2104 oculis
428 2038 634 2118 praeberent.

665 2246 965 2255 ——oe———Q——q

348 2416 406 2498 ΙΙ.
443 2417 736 2499 bernretallis
762 2417 1137 2520 aerariorumque
1163 2419 1273 2500 arte.

282 2592 354 2656 Non
378 2591 424 2656 ita
446 2612 545 2675 saepe
577 2593 782 2656 metallorum
806 2593 965 2674 imagines
999 2593 1032 2657 in
1054 2592 1182 2657 tabellis
1205 2592 1424 2658 inveniuntur.

199 2700 292 2778 Quae
315 2720 517 2782 quamquam
554 2706 623 2765 arte
644 2722 711 2766 non
735 2706 811 2766 suni
834 2703 1015 2784 perfectae,
1050 2706 1161 2768 tamen
1195 2701 1325 2784 plurimi
1349 2707 1425 2766 sunt

199 2810 442 2889 aestimandae,
465 2811 543 2891 quia
565 2811 656 2876 solae
699 2812 781 2876 inter
812 2831 970 2892 magnum
993 2831 1166 2876 numerum
1190 2815 1425 2876 monumento-

198 2939 272 2983 rum
291 2920 488 2983 Graecorum
512 2921 644 2984 metalla
666 2921 835 3001 effingunt.
880 2920 945 2985 Sed
969 2920 1182 3004 inspiciamus
1205 2919 1351 3000 singulas
1374 2925 1424 2984 ta·

68 3082 71 3087 .
199 3029 311 3092 bellas
355 3028 491 3110 insignis
520 3033 568 3092 est
599 3029 720 3092 tabella
751 3035 810 3092 871
834 3030 870 3094 B.
916 3029 1087 3111 Utrimque
1120 3049 1218 3113 rupes
1248 3029 1339 3092 vides
1365 3029 1425 3094 ab·

199 3137 334 3214 scissas;
358 3138 543 3217 complures
566 3139 716 3202 metallici
739 3139 772 3202 in
795 3139 907 3204 labore
929 3143 1021 3214 sunt;
1045 3157 1130 3202 unus
1156 3137 1284 3216 mallem
1312 3138 1368 3220 qui
1391 3139 1424 3202 in

199 3247 300 3334 altera
322 3251 415 3327 parte
438 3251 571 3324 acutus,
603 3247 636 3310 in
659 3247 762 3310 altera
785 3249 924 3312 obtusus
946 3251 1011 3326 est,
1049 3267 1131 3312 saxa
1152 3247 1348 3330 aggreditur,
1371 3247 1425 3312 alii

199 3355 355 3420 confossa
378 3355 410 3418 in
433 3355 587 3419 corbibus
615 3361 743 3438 ponunt
764 3361 796 3420 et
819 3377 837 3420 e
860 3357 972 3421 ludina
995 3361 1206 3439 expromunt3
1241 3355 1426 3438 desuperne

200 3463 362 3552 dependet
386 3465 578 3542 oenochoa,
612 3469 708 3547 apta,
741 3466 767 3528 si
789 3485 865 3530 vere
887 3465 1019 3550 opinor,
1058 3465 1099 3532 ad
1122 3485 1244 3547 aquam
1268 3464 1425 3546 operariis

199 3574 447 3651 demittendum
471 3573 641 3638 dexterum
663 3575 750 3638 latus
779 3595 934 3656 asperum
953 3575 1213 3657 malleorumque
1236 3574 1353 3638 ictibus
1376 3574 1426 3637 di-

198 3685 394 3760 laceratum3
430 3683 560 3746 laevum
583 3684 761 3764 aequaliter
784 3684 907 3748 declive
935 3683 1045 3764 parvis
1073 3681 1332 3768 procursibus
1353 3683 1425 3764 pari

199 3792 369 3856 intervallo
393 3791 476 3856 inter
498 3811 533 3855 se
556 3791 754 3856 distantibus
780 3829 815 3837 ι-
841 3793 884 3869 id,
908 3792 998 3874 quod
1020 3791 1321 3872 Furtwaenglerum
1343 3791 1426 3855 effu·

199 3902 247 3982 git
270 3937 304 3947 *
331 3901 525 3966 instructum
548 3904 605 3964 est.
650 3901 741 3978 Quos
764 3921 835 3965 esse
857 3903 977 3981 factae,
1000 3905 1035 3964 ut
1057 3899 1198 3983 operarii
1220 3899 1255 3964 in
1277 3899 1424 3965 fodinam

200 4010 399 4074 descendere
421 4011 471 4072 vel
491 4030 531 4072 ex
560 4029 600 4072 eo
622 4010 797 4074 escendere
820 4014 964 4092 possent,
988 4029 1047 4092 pro
1071 4012 1159 4073 certo
1182 4007 1301 4074 babeo.
1333 4008 1426 4072 llius·

201 4119 292 4184 modi
312 4117 444 4182 fodinae
466 4118 504 4182 iis
527 4117 607 4182 locis
629 4119 807 4198 fodiuntur,
830 4119 951 4200 quibus
974 4138 1029 4182 aes
1052 4117 1086 4182 in
1108 4117 1246 4182 formam
1272 4117 1424 4181 nidorum

200 4227 434 4310 conglobatum
456 4247 523 4292 non
546 4227 610 4290 alte
634 4229 694 4292 sub
718 4233 803 4292 terra
826 4227 996 4292 conditum
1018 4232 1075 4292 cst.

287 4466 307 4534 ¹)
325 4465 358 4518 cs.
377 4464 533 4527 Schneider,
544 4464 600 4528 der
617 4462 736 4516 troische
754 4462 916 4530 Sagenkreis
933 4477 993 4530 pag.
1012 4461 1069 4516 183.
