3230 4942
787 268 822 319 35

703 344 902 354 ——....-..‚--

192 421 290 500 Quod
326 421 557 484 vestimentum
589 417 754 499 equitibus
787 435 963 480 commune
991 417 1059 477 orat
1087 433 1227 494 raroque
1252 431 1308 476 eos
1331 412 1420 475 vides

108 569 110 574 ·
191 531 307 606 nudos,
352 528 519 610 Sagittarii
552 546 686 609 quoque
708 546 748 590 eo
771 529 908 589 utuntur
929 524 982 606 (cl.
1006 525 1071 588 tab.
1097 528 1173 600 764,
1205 521 1289 605 771).
1334 521 1422 604 Ope-

165 641 266 705 rarii
295 643 421 716 autem,
456 637 510 718 qui
539 637 578 718 in,
602 635 739 700 metallis
770 639 826 698 aut
849 633 937 716 apud
952 633 1109 696 'fornaces
1132 637 1189 696 aut
1225 632 1257 694 in
1291 631 1422 696 officina

192 749 368 830 figulorum
392 747 552 822 laborant,
576 745 769 826 plerumque
790 742 870 806 nudi
893 743 1049 805 incedunt
1070 761 1177 822 neque
1199 741 1312 804 crebro
1332 739 1422 803 brevi

190 857 321 922 chitone
352 855 457 919 induli
486 859 571 918 sunt.
614 853 861 934 Nonnunquam
889 857 1010 915 nautae
1041 870 1174 932 quoque
1197 871 1270 913 eum
1295 853 1421 930 gerunt.

191 967 346 1031 Breviore
369 984 468 1046 quarn
492 963 617 1044 equites
652 962 782 1026 chilone
805 961 978 1024 Diomedes
1001 961 1033 1023 in
1056 961 1123 1024 lab.
1149 966 1207 1022 746
1232 964 1264 1022 91
1284 963 1423 1023 venator

191 1077 223 1139 in
251 1073 448 1138 Timonidae
477 1071 599 1137 tabella
626 1071 762 1134 vestitus
783 1075 840 1133 est.
885 1069 1005 1133 Clunes
1029 1069 1114 1132 eninr
1137 1089 1242 1150 paene
1265 1069 1422 1149 obtegens

192 1186 253 1248 sub
277 1187 389 1247 ventre
411 1185 554 1245 resectus
579 1185 627 1244 est
650 1181 704 1258 ita,
729 1184 764 1244 ut
785 1179 934 1243 membra
956 1179 1098 1242 verenda
1122 1198 1187 1242 non
1211 1183 1326 1261 operta
1348 1178 1422 1259 sint;

189 1295 308 1376 quibus
343 1293 373 1355 in
408 1291 603 1355 Timonidae
640 1289 758 1354 tabella
788 1290 953 1370 pannulus
991 1289 1153 1368 oblongus
1165 1293 1190 1370 1)
1213 1287 1264 1351 'de
1292 1288 1422 1367 cingulo

190 1401 380 1485 dependens
409 1403 599 1480 tegumento
631 1403 688 1462 est.
733 1397 979 1478 Subligaculum
1008 1397 1103 1461 etiam
1138 1397 1366 1460 brevissimum
1390 1397 1424 1459 in

189 1511 309 1576 labella
332 1510 476 1591 quadarn
500 1508 649 1572 Parisino
672 1507 880 1589 conspicitur.

273 1621 386 1700 Neque
412 1618 738 1700 praetermittendum
765 1621 813 1679 est
850 1617 1079 1679 vestimentum
1107 1616 1293 1697 quoddam,
1326 1615 1417 1696 quod

183 1730 250 1801 ¹nisi
278 1729 388 1806 fallor,
417 1727 450 1791 in
472 1727 523 1790 his
546 1731 672 1790 tantum
695 1725 919 1790 monumentis
942 1725 1122 1814 invenitur,
1153 1725 1320 1788 chilonem
1343 1724 1415 1788 dico

188 1837 432 1912 brevissimum,
467 1837 521 1918 qui
549 1835 686 1900 manicis
714 1835 779 1898 iere
805 1854 919 1898 carens
942 1834 984 1897 ad
1007 1855 1106 1898 coxas
1129 1833 1296 1898 descendit
1318 1837 1416 1916 atque

189 1947 357 2010 inferiores
392 1951 502 2028 partes
536 1945 683 2027 corporis
714 1944 868 2025 relinquit
894 1945 1010 2008 nudas,
1056 1943 1129 2020 Quo
1157 1944 1289 2008 chitone
1317 1963 1416 2008 vena·

188 2060 277 2120 tores
304 2055 338 2118 in
360 2055 426 2119 tab.
451 2054 555 2117 894Α
577 2059 608 2117 91
632 2053 691 2117 viri
714 2053 745 2116 in
769 2053 836 2116 tab.
861 2059 921 2115 873
944 2053 981 2129 Β,
1004 2058 1064 2115 899
1079 2053 1137 2135 Αἵ)
1161 2053 1266 2116 induli
1288 2057 1373 2116 sunt.

273 2163 491 2246 Amplritritae
519 2163 631 2239 vestm,
664 2182 729 2244 qua
753 2161 860 2244 qualia
885 2162 1003 2225 fuerint
1025 2162 1218 2226 vestimenta
1243 2161 1414 2225 mulierum

190 2273 432 2337 Corinthiarum
463 2271 634 2348 discimus,
666 2291 733 2335 non
756 2271 855 2352 plane
878 2291 896 2334 a
921 2275 1010 2334 vesle
1032 2271 1174 2350 Neptuni
1197 2271 1326 2336 diversa
1350 2276 1415 2348 est;

190 2405 207 2445 e
230 2382 360 2445 chilone
384 2381 469 2445 enim
494 2385 525 2444 et
548 2379 646 2462 pallio
668 2385 807 2444 constat.
851 2380 1005 2443 Attamen
1021 2381 1197 2444 nonnullae
1212 2381 1415 2445 diversitates

191 2491 330 2555 maiores
354 2494 540 2554 cernuntur.
586 2489 743 2554 Chilones
766 2489 862 2566 eninr,
887 2489 943 2570 qui
971 2493 1040 2553 arte
1068 2509 1187 2572 corpus
1209 2489 1414 2553 circumdant

178 2604 221 2664 ’91
249 2620 333 2664 zona
359 2599 550 2679 cinguntur,
586 2598 722 2664 manicis
750 2603 861 2662 carent
889 2603 920 2662 91
942 2598 1049 2679 parvis
1073 2599 1198 2662 sinibus
1219 2599 1252 2662 in
1276 2605 1416 2680 utroque

187 2711 290 2774 latere
321 2728 421 2791 supra
441 2728 571 2788 ,zonam
599 2707 859 2790 dependentibus
882 2708 1030 2772 instructi
1053 2713 1143 2786 sunt,
1157 2708 1182 2790 ³)
1218 2710 1307 2789 quod
1329 2709 1414 2772 idem

188 2819 220 2881 in
243 2818 330 2882 vasis
349 2815 568 2882 Corinthiacis
591 2815 852 2880 animadvertere
874 2816 957 2880 licet.
1002 2816 1182 2880 Himatium
1207 2821 1317 2880 autern
1341 2813 1415 2880 cum

188 2927 293 2990 forma
323 2931 394 2990 turn
423 2926 537 3004 modu,
571 2945 637 3006 quo
661 2925 850 3006 gestabatur
872 2925 976 3004 magis
1000 2925 1164 2988 diversum
1189 2932 1254 3000 est;
1286 2947 1415 3006 pannus

189 3040 258 3098 erat
278 3035 378 3116 paulo
401 3034 545 3113 longior,
569 3053 670 3115 quam
691 3033 805 3108 latior,
829 3034 883 3114 qui
909 3033 1023 3097 cervici
1047 3033 1240 3098 iniciebatur
1262 3039 1293 3097 91
1315 3055 1416 3115 supra

188 3145 344 3208 humeros
375 3143 577 3224 dorsumque
608 3162 712 3224 usque
746 3142 789 3206 ad
820 3162 927 3222 genua
955 3142 1129 3208 defluebat.
1174 3145 1336 3225 Persaepe
1367 3146 1416 3206 in-

188 3253 321 3317 feriores
349 3257 457 3335 partes
486 3251 554 3314 eius
582 3255 726 3316 resectae
749 3257 838 3329 sunt,
869 3251 927 3314 sed
950 3272 1017 3315 non
1040 3252 1171 3335 ubique.
1217 3255 1326 3330 Quare
1349 3275 1416 3318 non

188 3363 262 3426 licet
290 3367 406 3442 putare
433 3359 465 3424 in
500 3381 533 3424 re
556 3360 709 3425 vestiaria
732 3360 975 3424 Corinthiorum
999 3361 1077 3425 illud
1100 3362 1281 3442 legitimum
1305 3363 1413 3428 luisse.

189 3471 327 3554 Saepius
349 3469 491 3552 denique
515 3469 665 3534 mulieres
688 3469 823 3534 himatio
847 3471 977 3550 occiput
999 3471 1123 3536 babent
1144 3473 1297 3536 velatum.

274 3727 294 3791 ¹)
312 3726 454 3779 Pannulus
480 3725 525 3776 1119
552 3725 660 3791 saepius
679 3724 707 3775 in
725 3722 913 3775 monumentis
931 3723 1035 3790 Cypriis
1059 3724 1236 3792 conspicitur;
1261 3727 1293 3778 cf.
1312 3725 1417 3780 Perrot·

190 3819 308 3888 Chipiez,
326 3818 395 3871 Hist.
414 3818 447 3871 de
465 3817 525 3870 l'art
542 3818 611 3870 dans
628 3815 782 3884 l'anliquite
800 3815 837 3868 111
854 3815 897 3882 fig.
916 3815 973 3878 aad,
991 3815 1048 3868 358.

274 3915 295 3976 ²)
312 3911 444 3965 Conteras
462 3925 572 3978 quoque
589 3910 678 3962 virum
698 3909 726 3961 in
746 3909 800 3962 tub.
820 3907 908 3960 900A.
921 3937 954 3944 —
967 3909 1019 3974 Qui
1038 3909 1090 3962 viri
1110 3909 1173 3976 quid
1187 3911 1348 3978 significent,
1360 3929 1418 3980 per·

189 4021 273 4073 quam
293 4003 419 4072 ignotum
438 4009 485 4056 est.
522 4002 640 4056 Habitus
659 4017 754 4054 eorum
771 4006 812 4054 est
829 4001 885 4054 bic:
914 4001 1028 4053 alterum
1050 4001 1192 4054 brachium
1208 4008 1351 4056 curvatum
1370 4005 1418 4057 tol·

190 4099 257 4161 lunt,
275 4098 390 4150 alterum
408 4095 504 4148 eodem
523 4094 620 4149 habitu
639 4093 797 4157 demittunt;
817 4094 845 4146 in
864 4093 1109 4158 873Bvirocanis,
1127 4095 1156 4147 in
1174 4095 1229 4148 tab.
1248 4096 1329 4148 899A
1342 4097 1418 4165 lepus

190 4188 300 4242 additus
317 4194 366 4242 est.
402 4186 572 4254 Quibuscum
591 4201 749 4254 comparare
772 4184 835 4238 licet
852 4184 926 4238 viros
943 4186 1065 4238 eiusdem
1085 4187 1197 4250 formae,
1224 4189 1271 4254 qui
1298 4188 1327 4241 in
1345 4189 1418 4241 vasis

190 4282 344 4349 fragmento
363 4287 503 4348 apparent,
531 4279 603 4346 quod
623 4277 712 4331 Micali
743 4278 771 4330 in
789 4277 861 4330 Mon.
887 4277 1093 4341 9111191982
1119 4279 1152 4330 de
1177 4278 1273 4347 pinxit.
1308 4279 1339 4333 ln
1363 4297 1418 4348 quo

190 4378 298 4442 praeter
316 4371 390 4425 viros
404 4373 488 4425 etiam
507 4387 588 4424 canes
607 4376 634 4424 et
651 4371 766 4422 fortasse
784 4370 904 4436 leporem
923 4369 1065 4422 adiunctos
1083 4371 1273 4438 conspicimus

275 4465 294 4532 8)
313 4465 347 4518 Η1
367 4465 461 4517 deesse
479 4463 607 4516 videntur·
625 4463 654 4516 in
671 4463 725 4516 tab.
744 4462 801 4515 778.
