3230 4942
264 1595 381 1689 Iienus
404 1623 482 1686 illud
504 1623 793 1686 monumentorum
816 1617 975 1694 lictilium,
999 1636 1083 1697 quae
1099 1617 1221 1679 Graece
1244 1617 1402 1684 πίνακας-

175 1739 324 1814 πινάκια,
346 1734 461 1798 Latine
483 1730 767 1796 tabulas-tabellas
790 1748 958 1802 vocamus,
983 1747 1050 1790 non
1082 1726 1127 1788 ita
1150 1723 1205 1787 diu
1227 1723 1313 1800 viris,
1346 1721 1401 1802 qui

175 1844 254 1909 artis
287 1843 441 1925 antiquae
472 1840 580 1905 studio
605 1839 704 1903 dediti
727 1843 812 1916 sunt,
847 1840 963 1901 notum
987 1841 1043 1899 est.
1105 1835 1188 1898 Cum
1218 1837 1316 1897 antea
1348 1833 1402 1896 vix
1504 1843 1505 1846 ’

175 1953 419 2034 suspicarentur
453 1951 582 2015 tabulas
612 1969 651 2012 ex
682 1947 796 2028 argilla
818 1948 911 2029 fictas
947 1953 977 2008 et
1006 1945 1140 2026 picturis
1164 1950 1296 2009 ornatas
1320 1964 1400 2022 esse,

175 2063 316 2144 primum
342 2061 467 2125 maiore
498 2078 611 2124 earum
642 2075 781 2120 numero
816 2056 849 2118 in
876 2055 1021 2136 acropoli
1044 2054 1236 2118 Atheniensi
1272 2053 1401 2117 detecto

178 2172 277 2234 etiam
300 2171 330 2233 iu
356 2169 475 2234 tabulis
499 2169 567 2231 sive
589 2165 717 2232 tabellis
739 2165 858 2245 figlinis
881 2185 901 2228 a
924 2164 1055 2228 Graecis
1079 2164 1201 2246 pictum
1239 2183 1311 2228 esse
1343 2184 1402 2244 ap·

37 2246 41 2259 ⁵
90 2322 96 2326 „
176 2281 324 2362 parebat.
376 2280 423 2341 De
454 2277 574 2358 quibus
599 2275 799 2356 Benndorf¹)
827 2275 911 2338 hene
948 2278 1047 2354 atque
1084 2273 1179 2336 docte
1211 2273 1401 2354 disputavit.

177 2389 237 2454 Cui
261 2387 403 2470 contigit,
440 2391 476 2450 ut
498 2385 656 2450 nonnulla
679 2383 875 2466 scriptorum
906 2383 1094 2447 testimonia
1131 2383 1173 2446 ad
1204 2383 1237 2446 id
1273 2387 1402 2464 tempus

176 2499 325 2579 neglecta
347 2497 485 2573 afferret,
522 2494 641 2576 quihus
673 2513 752 2556 usus
783 2493 834 2555 ille
866 2493 1030 2556 eiusmodi
1067 2492 1204 2556 tabellas
1228 2491 1401 2556 dedicandi

177 2607 366 2670 illustratur.

261 2740 372 2822 Usque
395 2741 437 2803 ad
459 2739 587 2802 initium
624 2738 721 2801 huius
745 2737 892 2801 decennii
915 2737 1049 2801 tabulae
1072 2737 1290 2800 Athenienses
1314 2737 1403 2801 solae

177 2853 269 2914 eraut
292 2853 399 2927 notae,
424 2851 503 2912 dum
526 2848 614 2930 apud
638 2847 831 2912 Corinthum
855 2848 1035 2927 permultae
1066 2847 1134 2910 eius
1158 2847 1282 2929 generis
1306 2848 1403 2911 effos-

177 2978 235 3023 sae
258 2961 343 3022 sunt.
388 2958 525 3022 Postero
562 2961 709 3037 ternpore
731 2955 880 3018 Eleusine
890 2956 914 3037 2)
939 2955 1278 3039 quoque}lragmenla
1300 2959 1404 3022 lahel-

177 3069 284 3130 larum
306 3065 452 3129 fictilium
475 3065 508 3128 in
532 3066 636 3129 lucem
660 3065 860 3146 prodierunt.
920 3065 983 3127 Sed
1005 3065 1088 3128 inter
1111 3085 1224 3128 omnes
1248 3086 1322 3129 cum
1342 3087 1403 3129 nu-

177 3195 280 3251 mero,
315 3179 385 3238 turn
409 3195 529 3255 magna
555 3174 756 3255 picturarum
780 3172 883 3256 copia,
915 3194 1000 3254 quae
1034 3177 1067 3236 in
1100 3175 1237 3238 historia
1271 3177 1348 3240 artis
1373 3183 1403 3240 et

178 3284 325 3347 culturae
366 3283 485 3346 surnmi
523 3287 599 3346 sunt
636 3281 813 3358 momenti,
859 3282 999 3345 tabellae
1044 3283 1272 3348 Corinthiacae
1309 3286 1404 3348 valde

177 3393 331 3456 eminent.

264 3527 344 3590 Vere
367 3527 444 3590 anni
462 3533 540 3589 1879
564 3527 638 3591 illae
661 3526 750 3606 apud
773 3527 890 3602 vicum,
915 3527 965 3589 cui
988 3547 1108 3590 nomen
1131 3533 1181 3590 est
1203 3530 1404 3593 Pente-Scu-

178 3636 268 3717 phia,
299 3635 388 3700 haud
423 3637 536 3716 procul
567 3636 609 3702 ab
638 3635 876 3699 Acrocorintho
912 3635 1022 3712 situm,
1058 3657 1077 3700 a
1107 3638 1229 3702 rustico
1257 3640 1403 3720 quodam

178 3747 337 3826 repertae,
372 3749 442 3808 tum
465 3743 721 3807 Neacorinthum
751 3747 850 3824 atque
880 3743 955 3807 inde
986 3745 1132 3808 Athenas
1162 3749 1404 3828 transportatae

178 3853 224 3916 ibi
247 3853 424 3916 venierunt.

265 3989 362 4051 Anno
385 3987 570 4068 insequenti
593 3987 712 4062 locum,
735 4007 801 4068 quo
825 3989 964 4051 effossae
984 3992 1085 4064 erant,
1109 3994 1331 4070 perscrutatus
1355 3997 1403 4054 est

180 4099 272 4162 Arth.
290 4095 507 4160 Milchhoefer.
541 4097 603 4173 Qui
619 4094 849 4159 animadvertit
872 4115 928 4159 eas
951 4117 968 4158 e
990 4097 1096 4178 spatio
1119 4098 1208 4162 haud
1223 4099 1268 4162 ita
1283 4121 1404 4180 magno

268 4363 285 4431 ¹)
303 4365 450 4428 Benndorf,
467 4364 567 4431 griech.
585 4381 610 4416 u.
629 4363 695 4416 sicil.
713 4363 777 4415 Vsh.
796 4379 855 4431 pag.
873 4363 890 4414 3
907 4379 965 4430 sqq.

266 4458 286 4522 2)
302 4459 353 4524 'Em
372 4461 427 4525 ἄρχ.
447 4457 518 4510 1885.
533 4479 584 4510 ιιιν.
601 4456 661 4508 VIII
679 4457 707 4519 4;
727 4455 762 4507 IX
782 4455 820 4518 12,
840 4455 900 4509 1211.
933 4459 985 4523 Ἐφ.
1003 4458 1058 4523 dol.
1078 4456 1151 4510 1889.
1169 4480 1220 4512 nte.
1238 4458 1295 4524 XII,
1314 4460 1337 4514 ‘A
