3230 4942
757 279 791 334 17

161 447 238 492 vero
261 429 295 492 in
317 449 357 493 ea
379 429 497 493 adesse
532 427 627 492 nobis
659 448 726 493 non
749 427 869 492 mirum
892 427 960 505 erit,
993 447 1068 491 cnm
1090 427 1268 508 imaginem
1290 428 1387 522 rasiS,

161 557 261 618 quam
284 537 405 620 Jahn¹)
428 538 461 600 in
484 537 590 601 lucem
605 537 715 616 edidit,
738 535 991 619 respexerimus
1013 536 1047 600 in
1066 556 1133 619 qua
1154 537 1270 601 mulier
1291 537 1324 601 in
1339 539 1388 602 of-

162 647 259 710 ficina
282 646 483 711 aerariorum
507 645 597 727 apud
619 646 786 711 fornacem
809 649 882 712 stat.
937 645 1025 723 Quid
1048 650 1159 710 autem
1180 646 1222 710 sit
1243 647 1333 730 quod
1355 646 1389 710 in

160 757 281 820 tabella
312 756 427 820 mulier
459 756 610 820 manibus
641 760 739 834 tenet,
771 755 906 820 ePlinii
941 755 1012 818 libri
1043 755 1178 819 XXXIV
1200 756 1306 840 capite
1329 761 1388 819 107

160 865 364 946 intellegitur,
403 865 460 929 ubi
495 864 536 928 de
574 865 735 948 ,panibus
758 865 860 930 aeris“
887 883 994 928 sermo
1031 869 1088 930 est.
1098 866 1122 947 2)
1167 865 1283 930 Talem
1305 866 1388 930 aeris

161 994 280 1056 panem
303 975 471 1039 mulierem
495 975 528 1038 in
552 975 691 1040 tabellae
714 975 857 1058 imagine
882 975 925 1039 ad
948 994 1065 1038 manus
1089 975 1210 1038 hahere
1232 975 1311 1038 mihi
1333 994 1388 1039 ve-

159 1084 292 1148 risimile
314 1084 442 1150 videtur
464 1104 545 1148 esse.
572 1084 772 1148 —Alterius
795 1084 904 1148 lateris
926 1084 1098 1166 picturam,
1122 1084 1156 1146 in
1170 1105 1237 1166 qua
1250 1085 1389 1149 duoviri

159 1192 255 1270 nudi,
282 1193 378 1275 proni
400 1193 617 1258 instrumenta
641 1194 766 1258 incerta
788 1197 936 1275 gerentes
960 1193 1079 1274 depicti
1109 1197 1199 1272 sunt,
1228 1193 1388 1274 explicare

159 1322 228 1368 non
251 1302 369 1368 audeo.

675 1441 873 1450 ——a———w

534 1605 616 1687 ΙΙΙ.
657 1605 720 1687 Ile
746 1604 1023 1688 fornacibus.

243 1781 416 1860 Fornaces,
437 1801 519 1862 quas
532 1781 649 1844 iterum
664 1781 847 1863 iterumque
859 1781 892 1844 in
907 1781 1033 1845 tabellis
1050 1781 1147 1860 videS,
1161 1781 1354 1864 plerumque
1368 1803 1385 1846 e

158 1891 250 1954 tholo
272 1910 402 1971 magne,
427 1890 520 1954 cuius
536 1890 568 1954 in
588 1891 738 1954 acumine
754 1891 874 1954 ostium
889 1895 988 1972 patet,
1012 1895 1043 1954 et
1056 1891 1244 1972 praefurnio
1258 1892 1386 1955 minore

158 1999 265 2062 forma
287 1999 526 2080 quadrangula,
560 1999 592 2062 in
616 2019 683 2080 quo
707 1999 790 2079 ignis
813 1999 915 2078 ardet,
945 1999 1143 2075 consistunt,
1180 2000 1212 2062 in
1234 2000 1316 2063 tholi
1339 2001 1386 2064 la·

157 2112 225 2170 tere
248 2107 396 2171 foramen
418 2106 703 2186 semicirculatum,
728 2107 894 2170 rarissime
917 2108 1095 2171 rotundum
1118 2111 1172 2170 aut
1187 2107 1386 2189 quadratum

157 2215 209 2299 (cf.
229 2216 294 2280 tab.
316 2220 387 2290 615,
410 2217 486 2293 623)
508 2219 654 2298 apparet,
678 2216 769 2297 qnod
786 2215 910 2295 tabula,
933 2235 1019 2297 quac
1044 2235 1125 2280 ansa
1147 2217 1306 2281 instructa
1327 2222 1386 2298 est,

158 2325 387 2407 praecluditur.
411 2325 497 2405 Ignis
512 2325 619 2405 longis
634 2325 729 2406 lignis
743 2325 850 2390 alitur.
881 2326 968 2389 Dum
987 2325 1142 2389 flammae
1163 2326 1386 2408 praefurnium

158 2434 306 2498 lambunt
329 2437 429 2515 atque
452 2438 659 2515 exsuperant,
691 2433 831 2516 operarii
854 2437 912 2498 aut
932 2433 1057 2514 lignum
1081 2433 1113 2496 in
1137 2435 1303 2498 fornacem
1324 2434 1383 2498 im·

157 2543 291 2608 mittunt
313 2547 371 2609 aut
392 2543 491 2624 longo
514 2543 598 2607 ferro
621 2544 672 2606 vel
694 2548 800 2608 rastro
822 2543 932 2625 ignem
946 2543 1091 2608 incitant.
1131 2543 1230 2607 Tholi
1253 2544 1383 2623 ostium,

159 2671 218 2734 per
240 2652 330 2733 quod
353 2652 437 2732 ignis
464 2653 585 2716 exitum
626 2653 719 2734 petit,
756 2653 808 2716 hic
842 2657 941 2735 atque
962 2652 1026 2716 illic
1048 2652 1188 2734 simplici
1210 2673 1316 2735 neque
1338 2654 1384 2717 ita

157 2761 224 2825 alto
247 2761 386 2825 fumario
410 2761 638 2826 circumdatur.
696 2762 760 2826 Pro
789 2783 855 2843 quo
891 2766 1018 2845 partem
1047 2763 1250 2846 superiorem
1273 2763 1384 2843 magni

157 2871 254 2950 vasiS,
286 2871 377 2953 quod
399 2875 505 2935 πίθου
527 2872 667 2936 formam
689 2871 799 2948 habet,
834 2871 952 2935 mirum
985 2872 1019 2935 in
1042 2872 1177 2936 modum
1201 2873 1383 2937 immissam

156 2980 206 3043 bis
225 2979 329 3043 cernis
349 2979 396 3064 (in
417 2980 485 3044 tab.
509 2986 579 3058 631,
604 2985 664 3043 802
675 2980 724 3062 B).
756 2979 905 3061 Operarii
918 2980 949 3043 in
965 2980 1152 3062 praefurnio
1166 2985 1222 3044 aut
1240 2981 1274 3045 in
1296 2982 1384 3046 scala

156 3093 213 3154 aut
223 3089 256 3152 in
270 3089 361 3154 tholo
378 3089 451 3172 ipso
466 3093 589 3154 stantes
604 3090 655 3172 (cf.
670 3087 735 3153 tab.
748 3094 808 3151 867
816 3089 857 3172 Β)
870 3093 969 3171 atque
984 3090 1102 3154 ferrum
1115 3092 1215 3155 modo
1226 3091 1384 3155 directum

156 3198 257 3262 modo
293 3202 544 3285 praecurvalum
575 3203 723 3280 gerentes
756 3198 839 3262 tholi
874 3199 995 3263 ostium
1017 3219 1140 3264 ,curare
1162 3199 1303 3265 student.
1349 3201 1384 3264 ln

156 3307 285 3388 pictura
308 3312 417 3372 autem
441 3307 580 3372 tabellae
603 3307 702 3371 80οΒ
726 3307 775 3371 vir
796 3308 896 3388 longa
918 3313 1009 3372 veste
1031 3308 1173 3386 indutus,
1197 3310 1255 3391 qui
1275 3311 1385 3375 taber·

156 3434 220 3479 nae
242 3416 397 3497 magister
419 3415 547 3480 videtur
569 3435 651 3499 esse,
674 3415 816 3500 desuper
836 3415 870 3480 in
892 3417 1033 3481 lomacis
1056 3418 1175 3481 ostium
1203 3419 1385 3502 introspicit

155 3544 375 3607 persuasurus
398 3525 461 3588 sibi
483 3525 595 3590 omnia
618 3532 769 3590 accurate
791 3546 863 3590 esse
885 3525 1010 3591 effecta.

241 3635 359 3700 Utrum
395 3635 458 3698 hae
488 3635 637 3699 fornaces
673 3635 738 3699 sint
763 3636 914 3701 fornaces
935 3636 1098 3718 figulares,
1122 3657 1165 3701 an
1187 3637 1230 3701 ad
1252 3639 1384 3703 metalla

154 3743 393 3826 liquefaciendo
421 3749 527 3826 aptae,
565 3744 625 3808 viri
655 3745 744 3808 docti
764 3743 848 3809 inter
870 3764 905 3808 se
927 3745 1132 3810 dissentiunt.
1194 3747 1284 3823 Quas
1308 3767 1382 3812 cum

153 3853 293 3936 Rayet³)
330 3852 438 3928 ,fours
469 3853 509 3916 de
531 3853 672 3934 poterie“
704 3852 936 3932 nominaverit,
967 3853 1267 3938 Furtwaenglero4)
1300 3857 1382 3920 veri·

166 4017 200 4022 ..-.
206 4015 353 4022 --·—-—--
359 4018 513 4024 .,.-.,,,...,,.,.-
538 4019 544 4022 .

239 4113 258 4180 ¹)
275 4113 336 4167 Ber.
355 4113 404 4168 der
422 4113 516 4168 Sachs.
534 4113 594 4166 Ges.
624 4113 649 4166 d.
669 4113 710 4166 W.
731 4113 804 4178 1867,
830 4115 887 4169 tab.
904 4113 935 4178 V,
952 4113 981 4178 3;
1000 4115 1033 4168 cf.
1052 4115 1200 4168 Bluemner
1218 4115 1307 4169 Term.
1326 4117 1382 4170 und

152 4205 282 4260 Technol.
300 4206 345 4271 IV,
363 4222 424 4274 pag.
442 4205 493 4258 364
508 4222 549 4274 sq.

238 4299 258 4364 ²)
275 4299 309 4352 cf.
326 4298 475 4352 Bluemner
492 4299 509 4352 l.
528 4315 549 4351 c.
568 4314 628 4366 pag.
645 4297 704 4362 rm,
721 4297 791 4362 203,ι

239 4391 258 4456 ³)
278 4389 339 4443 Gaz.
359 4392 432 4444 arch.
452 4390 526 4454 1880,
544 4407 604 4457 pag.
624 4390 681 4444 104.

238 4485 259 4542 ⁴)
279 4482 335 4535 Cat.
355 4483 452 4547 Berol,
468 4499 528 4550 pag.
547 4484 587 4536 ro.
