3230 4942
728 283 927 369 Aa,

217 431 325 496 milius
355 431 528 496 videbatur
558 431 590 495 in
621 431 682 495 illis
710 431 841 496 metalla
863 435 1022 496 concocta
1048 451 1130 496 esse.
1173 433 1218 496 nt
1239 437 1457 514 argumenta,¹

217 562 302 624 quae
326 543 453 606 abhoc
477 543 576 606 allata
600 546 685 621 sunt,
710 562 776 606 non
800 542 879 606 salis
902 541 1018 607 valent.
1073 543 1218 606 Primum
1243 543 1327 606 enim
1350 543 1443 607 Furt-

215 651 379 732 waengler
409 656 542 733 propter
576 650 838 730 magnitudinem
868 650 1056 729 fornacum,
1097 671 1156 732 pro
1192 671 1259 732 qua
1294 653 1443 716 homines

216 761 409 842 plerumque
431 759 575 824 minores
598 764 791 840 appareant,
815 779 870 823 eas
894 779 966 823 esse
988 759 1138 824 fornaces
1160 760 1313 841 tigulares
1336 765 1444 842 negat.

217 870 280 932 Sed
304 869 373 932 eius
396 869 506 951 opinio
530 868 592 932 hoc
616 873 810 948 argumento
834 869 879 932 ita
901 888 970 932 non
993 868 1133 946 fulcitur,
1157 874 1192 933 ut
1215 871 1331 933 contra
1353 870 1444 933 debi-

217 979 335 1042 litetur.
369 979 454 1040 Nam
477 983 636 1058 quantum
652 978 783 1054 scimus
807 977 965 1056 fornaces
989 978 1021 1040 in
1045 977 1164 1059 quibus
1187 979 1313 1060 lapides
1337 979 1443 1042 aerosi

217 1087 456 1162 conflabantur,
489 1086 694 1166 antiquitatis
731 1086 935 1166 temporibus
965 1086 1103 1150 humiles
1139 1106 1326 1169 magnaque
1353 1092 1447 1170 parte

217 1197 278 1260 sub
301 1201 389 1259 terra
410 1201 503 1258 erant
526 1199 625 1276 atque
648 1199 734 1258 certe
756 1215 825 1258 non
840 1194 1065 1275 magnitudine
1080 1196 1290 1260 excellebant.
1324 1197 1446 1260 Contra

218 1305 369 1387 equidem
394 1305 536 1368 arbitror
557 1305 724 1368 fornacem
747 1305 916 1384 figularem
941 1309 1152 1386 superantem
1174 1305 1317 1369 hominis
1342 1309 1447 1370 statu·

217 1435 288 1478 ram
309 1415 407 1478 unius
438 1414 488 1476 vel
518 1413 658 1476 duorum
692 1413 837 1495 capitum
865 1413 1069 1494 longitudine
1092 1413 1282 1478 inusitatam
1305 1414 1444 1479 formam

218 1544 285 1588 non
303 1524 476 1605 praebere;
500 1523 632 1604 saepius
657 1527 767 1586 tamen
782 1523 930 1587 fornaces
952 1525 1110 1604 operariis
1130 1544 1196 1588 non
1211 1524 1344 1588 altiores
1360 1529 1447 1588 sunt.

219 1633 283 1696 Sed
305 1633 380 1696 huic
403 1631 448 1695 rei
471 1632 577 1694 maior
598 1632 646 1694 vis
671 1652 738 1695 non
761 1632 970 1696 attribuenda
994 1637 1051 1710 est,
1075 1652 1150 1696 cum
1174 1633 1368 1715 plerumque
1390 1652 1447 1697 ve·

218 1743 298 1807 tusti
321 1742 461 1806 artifices
484 1741 620 1821 singulis
643 1742 789 1822 picturae
812 1743 962 1824 partibus
986 1742 1089 1806 iustas
1112 1741 1196 1806 inter
1218 1763 1253 1806 se
1276 1762 1448 1808 mensuras

219 1853 298 1916 dare
321 1851 502 1932 nequirent.
556 1851 668 1931 Neque
699 1871 751 1914 res
774 1871 813 1914 eo
837 1851 1044 1930 diiudicatur,
1081 1856 1118 1915 ut
1146 1851 1448 1931 intenderimus,

220 1961 310 2042 quod
333 1961 365 2022 in
388 1960 561 2042 perpaucis
593 1959 721 2023 tabellis
753 1960 896 2023 fossores
935 1965 966 2022 et
997 1961 1129 2024 metalla
1161 1966 1330 2044 apparent.
1379 1961 1448 2024 Ali-

221 2069 313 2132 cuius
337 2072 446 2132 autem
472 2069 628 2130 momenti
643 2088 714 2132 esse
729 2068 864 2132 forsitan
882 2068 1018 2147 videtur,
1043 2069 1132 2150 quod
1156 2069 1347 2150 saepissime
1369 2089 1449 2152 ope-

221 2179 296 2241 rarii
318 2179 439 2240 ferrum
463 2178 595 2257 longum
622 2183 732 2241 tenent
755 2182 787 2241 et
809 2177 888 2241 tholi
913 2177 1034 2244 ostium
1056 2183 1199 2258 purgant
1224 2179 1295 2253 „ein
1314 2177 1450 2242 Verfah·

221 2295 309 2366 ren“‚
333 2291 369 2350 ut
392 2287 437 2350 ait
459 2287 701 2366 Furlwaengler
723 2287 756 2348 in
779 2291 839 2350 cal.
863 2285 979 2364 Berol.‚
1007 2306 1081 2366 pag.
1107 2288 1182 2364 70³⁸,
1218 2285 1375 2362 „welches
1397 2286 1449 2350 bei

224 2397 329 2460 einem
342 2396 540 2475 prferofen
558 2395 835 2472 unversta'mdlich,
858 2395 911 2458 bei
926 2395 1030 2458 einem
1046 2395 1217 2459 Hoohofen
1240 2397 1316 2460 sehr
1336 2399 1451 2460 natiir-

222 2506 287 2568 lich
317 2505 385 2569 ist.“
422 2504 519 2580 ¹Quo
554 2524 620 2568 non
652 2504 838 2566 convincor.
891 2505 975 2567 Nam
1006 2504 1096 2568 baud
1122 2505 1189 2569 scio
1220 2526 1261 2570 an
1284 2505 1375 2586 figmli
1397 2524 1451 2568 ar-

222 2614 311 2676 doris
330 2612 566 2676 corroborandi
589 2611 791 2693 frigidaeque
814 2631 913 2674 aurae
932 2612 1093 2676 arcendae
1116 2633 1216 2677 causa
1239 2613 1360 2677 ostium
1382 2612 1450 2676 for·

222 2722 312 2785 nacis
336 2727 433 2798 terra,
457 2721 580 2802 argilla,
605 2720 675 2783 aliis
698 2721 796 2782 rebus
827 2721 858 2783 in
890 2725 1016 2801 partem
1041 2722 1267 2786 obturaverint
1289 2726 1388 2802 atque
1409 2741 1449 2784 eo

220 2837 377 2914 tempore,
412 2849 476 2910 quo
507 2849 584 2892 vasa
617 2829 697 2892 satis
728 2835 882 2912 percocta
914 2835 1016 2908 erant,
1050 2831 1245 2912 aperuerint.
1297 2831 1452 2893 Fortasse

221 2942 319 3004 etiam
344 2939 463 3002 ostium
488 2938 625 3022 simplici
659 2939 905 3002 machinatione
936 2939 1130 3004 instructum
1154 2946 1233 3016 erat,
1270 2959 1355 3020 quae
1387 2939 1450 3002 illis

222 3048 324 3125 ferris,
349 3051 446 3128 prout
468 3066 518 3108 res
542 3046 739 3126 postulabat,
764 3047 943 3126 regebatur.

307 3157 389 3219 Cum
412 3156 666 3234 Furtivaengleri
703 3155 800 3234 igitur
830 3155 1032 3236 argumentis
1064 3156 1144 3219 nihil
1180 3155 1257 3220 certi
1281 3155 1451 3232 efficiatur,

223 3285 275 3328 me
297 3264 513 3347 probaturum
551 3282 626 3342 esse
644 3283 740 3343 spero
765 3263 952 3328 Corinthios
989 3264 1177 3328 fornacibus
1216 3263 1277 3326 illis
1308 3283 1375 3325 non
1409 3263 1454 3326 ad

223 3373 355 3436 metalla
377 3372 562 3446 conflanda,
586 3370 643 3432 sed
667 3372 708 3433 ad
733 3391 812 3434 vasa
835 3375 1073 3454 concoqueoda
1095 3391 1174 3435 usos
1201 3391 1272 3434 esse
1295 3374 1396 3450 atque
1419 3369 1453 3432 id

223 3480 358 3563 quidem
380 3481 431 3544 his
454 3481 494 3543 de
517 3480 635 3543 causis

308 3590 472 3652 fornaces
496 3593 572 3651 sunt
595 3589 708 3652 eadem
732 3588 854 3668 forma,
884 3609 951 3670 qua
985 3590 1100 3653 fornax
1123 3586 1268 3668 figularis
1291 3584 1379 3650 vasis
1402 3605 1456 3649 re-

225 3699 316 3776 ferta,
340 3717 424 3779 quae
448 3697 480 3760 in
503 3697 569 3759 tab.
586 3698 689 3760 893A
712 3703 864 3778 apparet3
888 3702 924 3760 ut
946 3701 1082 3776 ceterae,
1106 3695 1159 3758 illa
1179 3715 1197 3757 c
1219 3692 1407 3776 praefurnio
1423 3697 1457 3756 et

225 3807 316 3870 tholo
339 3809 478 3868 constat.
523 3805 587 3868 Sed
611 3805 737 3868 etiamsi
757 3807 855 3870 unica
877 3806 932 3869 illa
954 3805 1076 3869 tabella
1098 3805 1244 3880 deesset,
1277 3806 1389 3864 tamen
1403 3801 1455 3865 in-

228 3914 305 3995 opia
326 3915 387 3977 has
411 3913 559 3977 fornaces
583 3935 656 3977 cum
681 3915 752 3978 aliis
776 3913 991 3996 comparandi
1014 3933 1079 3976 non
1103 3911 1337 3975 laboraremus,
1368 3910 1455 3974 Nam

227 4024 259 4086 in
282 4023 396 4100 Gallia,
428 4023 606 4101 Britannia,
639 4023 833 4105 Bavaria,¹)‚
864 4022 935 4086 aliis
957 4021 1178 4102 regionibusq
1200 4019 1350 4082 fornaces
1370 4018 1456 4098 figu-

313 4279 332 4351 1)
348 4285 382 4339 cf.
399 4283 545 4336 Bluemner
563 4284 579 4336 l.
598 4301 619 4336 o.
636 4283 668 4346 ll,
686 4299 745 4350 pag.
764 4281 797 4334 23
815 4297 855 4349 sq.

313 4379 332 4441 ²)
350 4377 517 4430 Mentionem
535 4378 580 4430 hic
598 4377 709 4430 fecerim
728 4375 906 4442 reliquiarum
925 4371 1052 4435 formale,
1074 4387 1142 4438 quas
1160 4370 1195 4422 ad
1213 4368 1342 4436 oppidum
1366 4369 1459 4437 lhurg,

229 4474 257 4522 in
275 4472 415 4536 provincia
433 4472 600 4524 Hannovera
619 4471 713 4532 situm,
733 4469 761 4520 in
780 4469 847 4530 vico,
865 4467 912 4533 qui
933 4469 1045 4518 vocatur
1063 4465 1139 4526 Lacr,
1158 4477 1218 4514 cum
1240 4463 1295 4514 iam
1315 4461 1460 4513 nonnullis
