3230 4942
813 266 830 320 9

288 416 443 499 picturae,
463 417 577 498 quales
601 415 632 478 in
655 415 805 496 plurimis
828 416 915 480 vasis
936 415 1152 480 Corinthiacis
1176 415 1433 497 conspiciuntur,

203 524 381 607 inquibus
415 525 584 609 pigmento
619 524 712 605 nigro
746 524 795 589 vel
832 525 929 590 rutilo
957 525 1048 590 color
1069 525 1168 590 ruber
1191 543 1349 608 persaepe
1371 523 1432 587 illi·

204 638 257 698 tus
281 637 341 698 est.

289 753 498 835 Quamquam
535 754 615 816 hacc
650 753 711 817 tria
735 772 855 834 genera
887 753 1147 830 internoscimus,
1180 755 1291 815 tamen
1315 771 1432 814 unum·

204 861 362 945 quodque
384 881 499 926 eorum
522 867 610 926 certo
635 862 773 944 tempori
798 861 976 926 attribuere
996 881 1064 924 non
1089 861 1170 925 licet.
1220 861 1320 924 Primi
1343 859 1429 923 enirn

204 972 331 1052 generis
354 970 513 1052 imagines
535 990 594 1053 per
617 971 729 1035 omnia
752 975 903 1052 tempora
926 970 1082 1052 antiquae
1096 969 1227 1050 figlinae
1242 969 1430 1033 Corinthio*

203 1101 274 1145 rum
289 1080 397 1163 pictae
416 1079 569 1145 videntur
585 1099 656 1144 esse
679 1080 758 1144 etin
774 1080 919 1145 secundo
935 1083 966 1144 et
979 1080 1076 1144 tertio
1091 1099 1241 1144 caremus
1256 1079 1364 1142 adhuc
1379 1077 1432 1142 viu

203 1197 234 1254 01
256 1189 384 1254 13110110
414 1189 455 1254 (10
488 1193 635 1272 tempore
667 1192 838 1271 procerte
869 1188 1045 1253 iudicandi.
1089 1189 1160 1252 Hoc
1194 1208 1294 1252 unum
1319 1192 1430 1251 autem

203 1303 334 1364 constat
355 1299 410 1363 vix
430 1299 531 1363 ullam
555 1299 708 1363 tabellam
732 1304 808 1363 ante
831 1298 1006 1380 septimam
1037 1299 1086 1361 vel
1110 1303 1185 1380 post
1207 1302 1333 1362 sextum
1358 1317 1430 1361 sae·

203 1411 312 1475 culum
335 1430 364 1474 a.
389 1409 462 1476 Chr.
485 1429 515 1471 n.
541 1409 660 1472 factam
688 1427 769 1473 esse.
1209 1420 1213 1430 '¹

287 1543 497 1608 'fabellarum
522 1544 627 1607 maior
648 1563 806 1607 numerus
830 1543 945 1608 eadem
969 1545 1097 1608 ratione
1116 1544 1266 1625 depictus
1281 1548 1339 1620 est,
1363 1561 1437 1624 qua·

204 1655 384 1720 vetustiora
407 1673 488 1717 vasa
511 1650 729 1718 Corinthiaca.
787 1653 864 1717 Eius
887 1659 998 1718 autem
1020 1653 1099 1718 artis
1127 1653 1328 1735 disciplinae,
1365 1671 1429 1733 qua

203 1765 396 1830 feminarum
420 1765 528 1828 nudae
551 1768 662 1844 partes
684 1763 761 1828 albo
785 1765 894 1828 colore
916 1764 1061 1844 insignes
1097 1769 1173 1828 sunt
1203 1763 1319 1839 130130,
1355 1783 1429 1844 pere

202 1893 327 1956 paucae
349 1873 489 1936 tabellae
511 1871 759 1937 adnumeranda
776 1877 866 1948 sunt;
890 1873 1048 1955 picturae,
1071 1873 1194 1954 quales,
1211 1864 1254 1936 ut
1277 1872 1428 1954 exeniplo

203 1987 287 2060 utar,
311 1981 343 2044 in
367 2001 447 2044 vase
469 1981 673 2045 Berolinensi
696 1982 888 2064 Amphiarai
913 1982 1114 2063 profectione
1129 1986 1245 2046 ornato
1269 1981 1436 2056 1111011100,Ι

203 2093 235 2154 111
258 2091 386 2156 tabellis
408 2110 514 2171 paene
532 2091 652 2155 frustra
668 2096 878 2172 quaeruntur.
913 2091 978 2156 Res
1001 2096 1087 2155 certe
1109 2092 1192 2155 mira
1220 2095 1279 2154 est.
1311 2090 1426 2153 Utrum

200 2200 298 2282 igitur
316 2200 355 2264 iis
377 2199 594 2283 temporibus,
629 2200 749 2282 quibus
785 2201 926 2265 artifices
962 2201 1038 2266 albo
1068 2201 1177 2265 colore
1199 2200 1336 2264 libenter
1357 2203 1428 2262 ute-

200 2311 329 2390 bantur,
352 2311 417 2374 hoc
440 2309 581 2391 Neptuni
605 2310 786 2374 sacrarium
817 2311 973 2374 1101113111
997 2311 1050 2387 ita,
1083 2315 1118 2374 ut
1140 2314 1246 2385 antea,
1276 2309 1427 2389 frequen-

200 2421 306 2482 tatum
331 2423 389 2496 est,
413 2438 456 2482 an
480 2418 688 2483 artificiosior
710 2420 792 2484 haec
815 2419 971 2500 pingendi
996 2419 1079 2484 ratio
1103 2419 1135 2482 in
1158 2417 1287 2482 tabellis
1306 2437 1426 2482 ornan-

200 2527 250 2591 dis
274 2527 371 2592 nimis
392 2528 537 2608 pretiosa
559 2527 735 2610 apparuit?

286 2661 357 2726 Hoc
380 2662 453 2724 loco
477 2661 517 2724 de
540 2661 706 2725 nonnullis
721 2661 990 2744 proprietatibus
1014 2682 1099 2744 quae
1123 2662 1154 2726 in
1170 2682 1268 2726 carne
1282 2661 1430 2724 humana·
1538 2665 1543 2681 ⁶

200 2771 380 2834 coloranda
403 2770 659 2852 conspiciuntur,
688 2790 795 2851 pauca
820 2771 943 2834 addere
966 2772 1044 2835 mihi
1068 2771 1173 2835 liceat.
1227 2770 1426 2853 Plerumque

201 2879 344 2943 virorum
368 2884 400 2942 et
418 2879 589 2942 mulierum
616 2880 764 2943 membra
779 2880 945 2943 diversum
970 2881 1093 2944 habent
1115 2880 1272 2956 colorem3
1296 2879 1425 2943 illorum

200 3007 276 3052 caro
300 2987 393 3068 nigra
417 2991 516 3069 atque
527 2988 618 3051 color
640 2988 746 3066 ruber,
770 2987 803 3052 id
814 2989 903 3070 quod
928 2989 1120 3070 saepissime
1136 2989 1181 3066 111,
1205 2987 1308 3056 l'aciei.
1331 2987 1426 3063 00110,

199 3096 270 3160 aliis
294 3096 441 3178 corporis
464 3097 614 3179 partibus
637 3097 735 3161 illitus
758 3103 808 3160 esl
833 3098 884 3180 (cl.
907 3099 974 3163 tab.
999 3105 1069 3177 347,
1093 3104 1154 3162 348
1177 3103 1236 3163 etc.
1260 3102 1320 3162 etc.
1343 3097 1425 3176 etc).

198 3205 378 3269 [latissime
401 3205 544 3270 virorum
577 3207 685 3270 nudae
717 3211 836 3288 partes·
858 3208 1000 3272 colorem
1024 3207 1157 3290 argillae
1179 3207 1370 3285 habentui
1393 3207 1425 3270 in

198 3315 265 3378 tab.
288 3319 360 3391 385,
383 3319 454 3378 436.
514 3317 550 3378 111
574 3335 640 3380 una
664 3317 899 3400 13110113(387)
935 3317 1034 3381 iacies
1057 3316 1200 3400 Neptuni
1231 3317 1350 3381 11110013
1377 3321 1426 3380 est

199 3424 317 3500 colore,
354 3423 412 3506 qui
434 3423 680 3488 similitudinem
699 3425 818 3490 coloris
841 3425 933 3508 pellis
955 3427 1122 3491 humanae
1145 3425 1254 3491 habet.
1311 3425 1425 3491 Mulie·

198 3552 270 3598 rurn
293 3537 408 3597 contra
431 3533 539 3612 130100,
573 3533 703 3611 collum,
732 3535 877 3614 brachia,
908 3536 1008 3620 pedes
1037 3536 1160 3619 ubique
1190 3537 1256 3600 fere
1283 3536 1425 3601 eundem

197 3642 377 3706 ostendunt
398 3643 555 3720 colorem,
588 3663 685 3724 quem
700 3644 812 3726 argilla
826 3645 1037 3725 (0113114711,
1051 3653 1122 3725 477,
1133 3652 1193 3709 487
1206 3652 1265 3711 010.
1278 3651 1338 3713 etc.
1352 3647 1425 3728 etc.)

197 3752 288 3816 Raro
311 3753 353 3816 ab
376 3752 437 3814 hac
460 3751 616 3834 pingendi
648 3752 775 3818 1311000
802 3755 944 3834 pictores
976 3755 1170 3820 tabellarum
1192 3755 1423 3820 discesserunt.

283 3884 348 3949 Sed
370 3886 544 3950 redeamus
567 3886 610 3949 ad
633 3906 711 3952 rem.
755 3887 969 3954 Lineamenta
986 3889 1131 3974 picturae
1154 3890 1317 3969 interiora,
1340 3910 1424 3955 non·

197 4013 368 4078 nunquam
399 3994 497 4058 etiam
521 3995 683 4060 exteriora
717 3996 749 4060 in
773 3996 885 4078 argilla
919 3998 1022 4064 incisa
1053 4003 1139 4064 sunt.
1195 3999 1292 4078 Quod
1317 3999 1369 4064 vix
1391 4000 1424 4064 in

198 4103 303 4186 primo
327 4122 446 4184 genere
469 4103 671 4185 picturarum
694 4105 739 4183 fit,
770 4126 845 4170 raro
868 4107 901 4169 in
924 4109 1080 4186 secunde,
1112 4113 1212 4191 alque
1234 4109 1267 4172 id
1290 4109 1421 4190 quidem

197 4212 230 4276 in
253 4211 292 4276 iis
314 4215 444 4276 tanturn
467 4212 626 4295 partibus
649 4233 734 4296 quae
756 4215 922 4281 coloratae
945 4223 1028 4282 sunt.

281 4346 472 4428 Perpaucae
485 4346 697 4412 inveniuntur
713 4348 855 4413 tabellae
868 4370 928 4431 pro
952 4351 1081 4432 pictura
1094 4357 1254 4436 prostypo
1277 4374 1295 4417 e
1317 4353 1423 4418 forma

196 4475 262 4518 non
289 4455 331 4518 ita
355 4455 422 4519 alta
444 4475 598 4537 expresso
615 4456 796 4522 decoratae.
841 4459 1035 4525 Cuiusmodi
1055 4467 1206 4526 ornatum
1224 4463 1341 4528 labella
1361 4470 1419 4527 541
