3230 4942
760 291 795 344 27

680 369 877 378 ...κῇ-...-

191 565 295 648 Vll.
341 567 402 648 lte
429 567 588 649 hestiis
614 569 750 670 atque
775 566 1055 649 ornamentis
1082 566 1139 648 ad
1166 566 1362 648 tahellas

515 691 789 774 decorandos
816 689 1050 774 adhibitis,

250 866 397 930 Primum
420 866 601 944 videamus
625 866 736 948 qualia
758 867 824 930 sint
833 871 1037 946 ornamenta,
1060 867 1179 949 quibus
1194 887 1291 949 saepe
1309 887 1394 930 mar·

165 975 256 1054 'gines
278 975 473 1040 tabellarum
498 975 605 1039 ornati
619 979 706 1039 sunt.
737 975 860 1040 Crebro
875 979 1014 1057 apparet
1035 979 1264 1060 ornamentum
1289 980 1394 1038 astra-

165 1083 238 1164 gali,
262 1083 401 1166 simplex
415 1089 472 1148 aut
483 1084 604 1166 duplex
619 1085 776 1167 variaque
799 1085 913 1150 forma.
944 1085 1118 1150 Praeterea
1141 1084 1394 1148 internoscimus

166 1195 397 1256 ornamentum
432 1191 699 1257 latrunculariam
733 1193 977 1276 (torcamo),
1008 1192 1127 1274 spirate
1149 1193 1197 1272 (in
1220 1193 1284 1256 tab.
1309 1192 1395 1268 8067,

169 1301 366 1366 undulatum
390 1301 436 1382 (in
459 1303 525 1366 tab.
549 1300 635 1384 841),
657 1301 885 1367 maeandriunr
911 1302 956 1385 (in
979 1302 1046 1365 tab.
1071 1304 1154 1384 750).

253 1411 415 1493 Deinceps
439 1411 613 1475 dicendum
651 1417 699 1475 est
736 1411 776 1476 de
798 1411 837 1475 iis
860 1412 998 1490 tabellis,
1035 1431 1176 1494 quarum
1213 1431 1313 1475 mmm
1346 1411 1396 1474 vel

170 1524 346 1602 utrumque
368 1520 453 1584 latus
476 1520 588 1585 bestiis
612 1525 670 1584 aut
684 1520 888 1586 ornamentis
902 1521 1093 1586 decoratum
1117 1526 1174 1584 est.
1206 1519 1397 1600 Pardiiigu·

79 1709 86 1720 ¹
170 1648 240 1693 ram
264 1628 297 1692 in
319 1630 385 1693 tab.
411 1635 480 1708 722,
506 1635 565 1692 723
589 1629 689 1709 videa,
712 1630 816 1694 leonis
839 1629 871 1694 in
895 1631 960 1695 tab.
985 1636 1055 1709 724,
1092 1630 1239 1713 sphingis
1275 1630 1306 1692 in
1331 1629 1397 1693 tab.

172 1741 242 1816 725,
266 1743 336 1816 726,
372 1738 457 1802 tauri
486 1738 518 1801 in
543 1739 608 1804 tab.
633 1744 807 1817 727-729,
835 1738 905 1820 apri
930 1738 961 1802 in
985 1739 1051 1804 tab.
1076 1744 1250 1814 740-744,
1284 1738 1399 1818 anguis

171 1846 203 1908 in
226 1847 294 1910 tab.
319 1851 388 1924 745,
426 1851 567 1911 noctuae
602 1847 636 1910 in
666 1847 732 1911 tab.
757 1851 826 1923 756,
863 1847 947 1911 73703
973 1848 1071 1911 flores
1095 1851 1126 1911 et
1148 1846 1277 1928 palmas
1300 1847 1399 1910 inter-

172 1974 272 2018 nexas
295 1955 328 2018 in
345 1955 418 2046 tab.
442 1961 512 2032 762,
547 1974 659 2019 rosam
681 1955 806 2037 lotique
837 1957 950 2019 ilorenr
988 1957 1020 2019 in
1042 1956 1109 2019 tab.
1135 1961 1205 2019 763.
1262 1953 1399 2036 Saepius

172 2063 270 2128 etiam
294 2063 325 2127 in
348 2068 487 2146 utroque
509 2064 609 2129 latere
632 2063 756 2128 bestiae
780 2065 830 2128 vel
854 2069 1046 2129 ornamenta
1066 2064 1325 2148 conspiciuntur:
1341 2083 1400 2128 an·

172 2172 338 2252 guis-rosa
360 2172 393 2236 in
415 2173 483 2236 tab.
507 2178 584 2254 917;
606 2173 829 2256 pardus-aper
853 2173 884 2236 in
906 2173 972 2238 tab.
998 2179 1072 2250 918;
1096 2173 1196 2237 ardea
1218 2173 1302 2236 inter
1317 2173 1400 2236 duos

173 2283 282 2346 leones
304 2283 354 2346 vel
377 2281 590 2363 pardos-avis
625 2283 709 2346 inter
741 2287 871 2346 taurum
908 2287 940 2347 et
981 2283 1105 2346 leonem
1130 2283 1180 2346 vel
1204 2281 1344 2364 pardum
1367 2281 1400 2344 in

172 2391 239 2453 tab.
264 2397 342 2468 919;
366 2391 624 2473 pardus-cervus
646 2390 680 2454 in
703 2391 769 2456 tab.
795 2397 868 2467 9213
905 2391 1157 2473 sphinx-laurus
1180 2391 1212 2455 in
1236 2391 1301 2454 tab.
1326 2396 1400 2465 924;

174 2499 339 2582 gallus-(i)
362 2500 394 2564 in
416 2501 483 2563 tab.
507 2505 582 2575 925;
605 2500 691 2564 idem
714 2506 789 2577 9263
821 2501 995 2582 equus-leo
1018 2501 1051 2564 in
1070 2501 1135 2565 tab.
1159 2506 1233 2575 928;
1265 2499 1401 2580 sphinx·

45 2693 47 2700 Α
175 2608 286 2689 palma
309 2628 393 2672 nexa
414 2609 472 2673 loti
496 2609 634 2689 gemmis
656 2609 690 2672 in
711 2609 778 2673 tab.
802 2616 878 2686 9333
903 2609 994 2691 parvi
1016 2609 1126 2674 circuli
1149 2608 1240 2672 lineis
1260 2608 1402 2672 curvatis

175 2716 340 2780 coniuncti
362 2717 395 2780 in
408 2717 475 2780 tab.
489 2718 560 2780 934.
597 2708 720 2781 Omnes
742 2718 805 2781 hae
827 2718 937 2782 variae
959 2718 1084 2782 hestiae
1103 2719 1147 2781 ad
1165 2737 1247 2781 vasa
1270 2736 1402 2798 quoque

173 2824 386 2889 Corinthiaca
409 2825 559 2890 ornanda
590 2825 756 2890 adhibitae
795 2830 872 2890 sunt
899 2845 1006 2908 neque
1028 2826 1061 2889 in
1084 2825 1285 2890 ornamentis
1308 2824 1402 2907 quid-

176 2951 276 3014 quam
300 2933 422 2997 insoliti
447 2933 531 2996 inest
552 2937 690 3015 excepto
713 2953 763 3012 eo,
786 2933 876 3016 quod
900 2934 933 2998 in
956 2934 1022 2999 tab.
1046 2941 1106 2996 934
1130 2911 1276 3018 apparet,
1307 2933 1403 3014 quarte

176 3041 209 3103 in
233 3040 386 3123 operibus
409 3042 626 3122 geometricae
649 3041 727 3106 artis
752 3062 818 3106 non
841 3062 916 3106 raro
939 3042 1053 3107 cernis,

261 3149 381 3213 Rarius
402 3149 541 3214 alterum
563 3151 648 3214 latus
671 3149 823 3230 imagine,
847 3151 985 3214 alterum
1009 3151 1121 3215 bestiis
1136 3152 1186 3214 vel
1201 3149 1403 3214 ornamentis

178 3260 370 3324 decoratum
393 3264 455 3324 est:
491 3260 524 3323 in
544 3260 611 3324 tab.
635 3263 695 3324 842
718 3261 778 3324 viri
814 3260 1149 3346 corpus-sphingem
1186 3260 1219 3324 in
1249 3260 1315 3324 tab.
1342 3262 1402 3323 892

178 3369 509 3451 fornacem-pisaeum
546 3369 580 3432 in
605 3370 672 3434 tab.
703 3375 762 3432 899
790 3369 1068 3452 virum-amplam
1101 3389 1211 3434 rosam
1245 3369 1405 3432 videmus

179 3479 334 3560 Sequitur
365 3484 400 3542 ut
432 3479 473 3542 de
505 3480 543 3542 iis
574 3480 775 3543 ornamentis
803 3479 923 3559 dicam,
948 3499 1033 3562 quae
1056 3480 1171 3562 spatiis
1193 3479 1306 3544 vacuis
1329 3483 1405 3542 sunt

179 3588 320 3652 ornatui.
364 3589 407 3652 Ut
438 3589 470 3651 in
506 3609 660 3652 vasorum
690 3589 838 3670 pictoria,
874 3589 907 3654 in
939 3588 1067 3653 tabellis
1101 3608 1234 3670 quoque
1263 3587 1404 3652 artifices

89 3699 92 3704 '
180 3697 420 3778 descripserunt
450 3717 543 3762 rosas
571 3698 671 3761 modo
707 3698 842 3761 omnino
879 3698 1056 3776 coloratas
1092 3699 1193 3762 modo
1227 3718 1244 3762 e
1276 3696 1405 3778 punctis

180 3805 391 3886 compositae,
415 3806 561 3869 maculas
579 3805 769 3870 'inaccurate
792 3805 947 3886 depictae,
984 3826 1106 3888 erucae,
1134 3806 1281 3884 circulos
1306 3809 1405 3881 rotae,

181 3913 284 3977 lineas
307 3913 425 3978 acriter
446 3915 574 3978 fractas,
620 3914 655 3977 In
678 3913 844 3978 nonnullis
866 3914 994 3978 tabellis
1017 3914 1152 3996 imagini
1174 3915 1317 3998 Neptuni
1340 3913 1406 3996 pis-

182 4043 235 4087 ces
269 4022 373 4086 addiii
396 4028 473 4086 sunt
495 4023 541 4104 lin
564 4022 630 4086 tab.
655 4025 713 4086 787
726 4023 764 4100 Α,
788 4025 849 4086 808
859 4023 914 4106 Α),
951 4043 1058 4106 neque
1079 4024 1220 4105 polypus
1245 4023 1336 4087 deest
1361 4030 1406 4106 (v.

104 4133 106 4136 ’
175 4132 248 4222 tab.
273 4134 331 4195 787
343 4131 397 4213 Α).

266 4240 431 4322 Perquam
454 4239 630 4322 singularia
653 4243 730 4304 sunt
752 4244 946 4304 ornamenta
960 4240 1100 4304 tabellae
1122 4247 1194 4318 374,
1216 4261 1301 4324 quae
1314 4261 1404 4306 rosa·
1474 4284 1476 4290 .

183 4369 256 4414 rum
270 4348 343 4413 loco
358 4349 474 4414 artilex
497 4348 655 4430 impinxit.
696 4349 783 4412 inter
805 4347 887 4412 haec
909 4349 992 4413 duas
1007 4349 1129 4414 formas
1143 4349 1406 4428 internoscimus

183 4476 324 4540 quarum
347 4457 484 4522 alteram
506 4457 653 4521 conferre
675 4456 749 4521 licet
770 4476 845 4520 cum
867 4456 1027 4540 particula
1060 4457 1202 4525 rotunda
1224 4477 1242 4523 e
1264 4459 1325 4524 reti
1346 4479 1407 4526 no-
